
  <record>
    <leader>01000aam  22002601a 4500</leader>
    <controlfield tag="001">YPZ91480</controlfield>
    <controlfield tag="003">YPZ</controlfield>
    <controlfield tag="005">200907301018070</controlfield>
    <controlfield tag="008">090730|###########||||||b||||||||||spa|d</controlfield>
    <datafield tag="020" ind1=" " ind2=" ">
      <subfield code="a">9502513274</subfield>
    </datafield>
    <datafield tag="040" ind1=" " ind2=" ">
      <subfield code="c">SIUNPA</subfield>
    </datafield>
    <datafield tag="041" ind1=" " ind2=" ">
      <subfield code="a">spa</subfield>
    </datafield>
    <datafield tag="044" ind1=" " ind2=" ">
      <subfield code="a">AR</subfield>
    </datafield>
    <datafield tag="080" ind1=" " ind2=" ">
      <subfield code="a">338.1 G984d</subfield>
    </datafield>
    <datafield tag="100" ind1=" " ind2=" ">
      <subfield code="a">Gutman, Pablo.</subfield>
    </datafield>
    <datafield tag="245" ind1=" " ind2=" ">
      <subfield code="a">Desarrollo rural y medio ambiente en América Latina</subfield>
    </datafield>
    <datafield tag="260" ind1=" " ind2=" ">
      <subfield code="a">Buenos Aires</subfield>
      <subfield code="b"> : Centro Editor de América Latina</subfield>
      <subfield code="b"> : Centro de Estudios Urbanos y Regionales, CEUR</subfield>
      <subfield code="c"> , 1988</subfield>
    </datafield>
    <datafield tag="650" ind1=" " ind2=" ">
      <subfield code="a"> MEDIO AMBIENTE</subfield>
    </datafield>
    <datafield tag="650" ind1=" " ind2=" ">
      <subfield code="a"> AMERICA LATINA</subfield>
    </datafield>
    <datafield tag="650" ind1=" " ind2=" ">
      <subfield code="a"> DESARROLLO RURAL</subfield>
    </datafield>
    <datafield tag="650" ind1=" " ind2=" ">
      <subfield code="a"> DESARROLLO ECONOMICO</subfield>
    </datafield>
    <datafield tag="650" ind1=" " ind2=" ">
      <subfield code="a"> AMERICA LATINA</subfield>
    </datafield>
    <datafield tag="942" ind1=" " ind2=" ">
      <subfield code="c">BK</subfield>
    </datafield>
    <datafield tag="952" ind1=" " ind2=" ">
      <subfield code="a">BIB_RECT</subfield>
      <subfield code="b">BIB_UART</subfield>
      <subfield code="d">2009-07-01</subfield>
      <subfield code="y">BK</subfield>
      <subfield code="p">03-00422</subfield>
      <subfield code="i">03-00422</subfield>
      <subfield code="g">28</subfield>
      <subfield code="o">338.1 G984d</subfield>
      <subfield code="e">Migración UART</subfield>
      <subfield code="8">CG</subfield>
    </datafield>
    <datafield tag="952" ind1=" " ind2=" ">
      <subfield code="a">BIB_RECT</subfield>
      <subfield code="b">BIB_UART</subfield>
      <subfield code="d">2009-07-01</subfield>
      <subfield code="y">BK</subfield>
      <subfield code="p">03-00423</subfield>
      <subfield code="i">03-00423</subfield>
      <subfield code="g">28</subfield>
      <subfield code="o">338.1 G984d</subfield>
      <subfield code="e">Migración UART</subfield>
      <subfield code="8">CG</subfield>
    </datafield>
    <datafield tag="952" ind1=" " ind2=" ">
      <subfield code="a">BIB_RECT</subfield>
      <subfield code="b">BIB_UART</subfield>
      <subfield code="d">2009-07-01</subfield>
      <subfield code="y">BK</subfield>
      <subfield code="p">03-00424</subfield>
      <subfield code="i">03-00424</subfield>
      <subfield code="g">28</subfield>
      <subfield code="o">338.1 G984d</subfield>
      <subfield code="e">Migración UART</subfield>
      <subfield code="8">CG</subfield>
    </datafield>
    <datafield tag="952" ind1=" " ind2=" ">
      <subfield code="a">BIB_RECT</subfield>
      <subfield code="b">BIB_UART</subfield>
      <subfield code="d">2009-07-01</subfield>
      <subfield code="y">BK</subfield>
      <subfield code="p">03-00425</subfield>
      <subfield code="i">03-00425</subfield>
      <subfield code="g">28</subfield>
      <subfield code="o">338.1 G984d</subfield>
      <subfield code="e">Migración UART</subfield>
      <subfield code="8">CG</subfield>
    </datafield>
    <datafield tag="952" ind1=" " ind2=" ">
      <subfield code="a">BIB_RECT</subfield>
      <subfield code="b">BIB_UART</subfield>
      <subfield code="d">2009-07-01</subfield>
      <subfield code="y">BK</subfield>
      <subfield code="p">03-00426</subfield>
      <subfield code="i">03-00426</subfield>
      <subfield code="g">28</subfield>
      <subfield code="o">338.1 G984d</subfield>
      <subfield code="e">Migración UART</subfield>
      <subfield code="8">CG</subfield>
    </datafield>
    <datafield tag="952" ind1=" " ind2=" ">
      <subfield code="a">BIB_RECT</subfield>
      <subfield code="b">BIB_UART</subfield>
      <subfield code="d">2009-07-01</subfield>
      <subfield code="y">BK</subfield>
      <subfield code="p">03-00427</subfield>
      <subfield code="i">03-00427</subfield>
      <subfield code="g">28</subfield>
      <subfield code="o">338.1 G984d</subfield>
      <subfield code="e">Migración UART</subfield>
      <subfield code="8">CG</subfield>
    </datafield>
    <datafield tag="952" ind1=" " ind2=" ">
      <subfield code="a">BIB_RECT</subfield>
      <subfield code="b">BIB_UARG</subfield>
      <subfield code="d">2009-07-01</subfield>
      <subfield code="y">BK</subfield>
      <subfield code="p">05-07235</subfield>
      <subfield code="i">05-07235</subfield>
      <subfield code="g">28</subfield>
      <subfield code="o">338.1 G984d</subfield>
      <subfield code="e">ACUER. 012/93</subfield>
      <subfield code="8">CG</subfield>
    </datafield>
    <datafield tag="952" ind1=" " ind2=" ">
      <subfield code="a">BIB_RECT</subfield>
      <subfield code="b">BIB_UARG</subfield>
      <subfield code="d">2009-07-01</subfield>
      <subfield code="y">BK</subfield>
      <subfield code="p">05-38165</subfield>
      <subfield code="i">05-38165</subfield>
      <subfield code="g">28</subfield>
      <subfield code="o">338.1 G984d</subfield>
      <subfield code="e">Donación Barbería, Elsa</subfield>
      <subfield code="8">CG</subfield>
    </datafield>
  </record>