
  <record>
    <leader>01000aam  22002601a 4500</leader>
    <controlfield tag="001">YPZ91488</controlfield>
    <controlfield tag="003">YPZ</controlfield>
    <controlfield tag="005">200907301345180</controlfield>
    <controlfield tag="008">090730|###########||||||b||||||||||spa|d</controlfield>
    <datafield tag="040" ind1=" " ind2=" ">
      <subfield code="c">SIUNPA</subfield>
    </datafield>
    <datafield tag="041" ind1=" " ind2=" ">
      <subfield code="a">spa</subfield>
    </datafield>
    <datafield tag="044" ind1=" " ind2=" ">
      <subfield code="a">AR</subfield>
    </datafield>
    <datafield tag="080" ind1=" " ind2=" ">
      <subfield code="a">910.4 M875n</subfield>
    </datafield>
    <datafield tag="100" ind1=" " ind2=" ">
      <subfield code="a">Morris, Isaac.</subfield>
    </datafield>
    <datafield tag="245" ind1=" " ind2=" ">
      <subfield code="a">Una narración fiel de los peligros y desventuras que sobrellevó Isaac Morris</subfield>
      <subfield code="c"> / Vignati, Milciades Alejo, ed.</subfield>
    </datafield>
    <datafield tag="250" ind1=" " ind2=" ">
      <subfield code="a">1a ed.</subfield>
    </datafield>
    <datafield tag="260" ind1=" " ind2=" ">
      <subfield code="a">Buenos Aires</subfield>
      <subfield code="b"> : Coni</subfield>
      <subfield code="c"> , 1956</subfield>
    </datafield>
    <datafield tag="440" ind1=" " ind2=" ">
      <subfield code="a">Bibliotecas Universitarias. Economía</subfield>
      <subfield code="a">Serie popular</subfield>
      <subfield code="a">Biblioteca dimensión argentina</subfield>
      <subfield code="a">Los fundamentales</subfield>
      <subfield code="a">Viajeros. Obras y documentos para el estudio del hombre americano</subfield>
      <subfield code="v">t. 1</subfield>
    </datafield>
    <datafield tag="490" ind1=" " ind2=" ">
      <subfield code="a">Bibliotecas Universitarias. Economía</subfield>
      <subfield code="a">Serie popular</subfield>
      <subfield code="a">Biblioteca dimensión argentina</subfield>
      <subfield code="a">Los fundamentales</subfield>
      <subfield code="a">Viajeros. Obras y documentos para el estudio del hombre americano</subfield>
      <subfield code="v">t. 1</subfield>
    </datafield>
    <datafield tag="650" ind1=" " ind2=" ">
      <subfield code="a"> VIAJE</subfield>
    </datafield>
    <datafield tag="650" ind1=" " ind2=" ">
      <subfield code="a"> VIAJEROS </subfield>
    </datafield>
    <datafield tag="650" ind1=" " ind2=" ">
      <subfield code="a"> OCEANO ATLANTICO</subfield>
    </datafield>
    <datafield tag="650" ind1=" " ind2=" ">
      <subfield code="a"> HISTORIA ARGENTINA</subfield>
    </datafield>
    <datafield tag="650" ind1=" " ind2=" ">
      <subfield code="a"> SIGLO XVIII </subfield>
    </datafield>
    <datafield tag="650" ind1=" " ind2=" ">
      <subfield code="a"> MAR DEL PLATA (BUENOS AIRES)</subfield>
    </datafield>
    <datafield tag="942" ind1=" " ind2=" ">
      <subfield code="c">BK</subfield>
    </datafield>
    <datafield tag="952" ind1=" " ind2=" ">
      <subfield code="a">BIB_RECT</subfield>
      <subfield code="b">BIB_UARG</subfield>
      <subfield code="d">2009-07-30</subfield>
      <subfield code="y">BK</subfield>
      <subfield code="p">05-38111</subfield>
      <subfield code="i">05-38111</subfield>
      <subfield code="g">32</subfield>
      <subfield code="o">910.4 M875n</subfield>
      <subfield code="e">Donación Barbería, Elsa</subfield>
      <subfield code="8">CG</subfield>
    </datafield>
  </record>