
  <record>
    <leader>01000aam  22002601a 4500</leader>
    <controlfield tag="001">YPZ91489</controlfield>
    <controlfield tag="003">YPZ</controlfield>
    <controlfield tag="005">200907301433270</controlfield>
    <controlfield tag="008">090730|###########||||||b||||||||||spa|d</controlfield>
    <datafield tag="040" ind1=" " ind2=" ">
      <subfield code="c">SIUNPA</subfield>
    </datafield>
    <datafield tag="041" ind1=" " ind2=" ">
      <subfield code="a">spa</subfield>
    </datafield>
    <datafield tag="044" ind1=" " ind2=" ">
      <subfield code="a">AR</subfield>
    </datafield>
    <datafield tag="080" ind1=" " ind2=" ">
      <subfield code="a">94(822.3) H557c</subfield>
    </datafield>
    <datafield tag="100" ind1=" " ind2=" ">
      <subfield code="a">Hernández, Rafael.</subfield>
    </datafield>
    <datafield tag="245" ind1=" " ind2=" ">
      <subfield code="a">Cartas misioneras</subfield>
      <subfield code="b"> : reseña histórica, científica y descriptiva de las misiones argentinas</subfield>
    </datafield>
    <datafield tag="260" ind1=" " ind2=" ">
      <subfield code="a">Buenos Aires</subfield>
      <subfield code="b"> : Eudeba</subfield>
      <subfield code="c"> , 1973</subfield>
    </datafield>
    <datafield tag="300" ind1=" " ind2=" ">
      <subfield code="a">175 p. : </subfield>
      <subfield code="a">278 p. : </subfield>
      <subfield code="a">189 p. : </subfield>
      <subfield code="b">il. ; </subfield>
      <subfield code="a">247 p. : </subfield>
      <subfield code="a">207 p. : </subfield>
      <subfield code="b">il. ; </subfield>
      <subfield code="a">279 p. : </subfield>
      <subfield code="b">il. ; </subfield>
      <subfield code="a">182 p. : </subfield>
      <subfield code="b">il. ; </subfield>
      <subfield code="a">138, [37] p. : </subfield>
      <subfield code="b">il. ; </subfield>
      <subfield code="a">375 p. : </subfield>
      <subfield code="b">il. ; </subfield>
      <subfield code="a">324 p. : </subfield>
      <subfield code="b">il. ; </subfield>
      <subfield code="a">268 p. : </subfield>
      <subfield code="b">il. ; </subfield>
      <subfield code="a">261 p. : </subfield>
      <subfield code="b">il. ; </subfield>
      <subfield code="a">2 v. : </subfield>
      <subfield code="b">il. ; </subfield>
      <subfield code="a">133 p. : </subfield>
      <subfield code="b">il. ; </subfield>
      <subfield code="a">141 p. : </subfield>
      <subfield code="a">156 p. : </subfield>
      <subfield code="a">521 p. : </subfield>
      <subfield code="a">543 p. : </subfield>
      <subfield code="a">172 p., 4 h. de láminas (1 pleg.) : </subfield>
      <subfield code="b">il. ; </subfield>
      <subfield code="a">153, xxx p. : </subfield>
      <subfield code="b">il.,mapas ; </subfield>
      <subfield code="e">2 mapas plegs. en bolsillo</subfield>
    </datafield>
    <datafield tag="500" ind1=" " ind2=" ">
      <subfield code="a">Es una copia facsimilar de la existente en la Biblioteca Nacional</subfield>
    </datafield>
    <datafield tag="650" ind1=" " ind2=" ">
      <subfield code="a"> HISTORIA ARGENTINA</subfield>
    </datafield>
    <datafield tag="650" ind1=" " ind2=" ">
      <subfield code="a"> CORRESPONDENCIA </subfield>
    </datafield>
    <datafield tag="650" ind1=" " ind2=" ">
      <subfield code="a"> MISIONES JESUITICAS</subfield>
    </datafield>
    <datafield tag="650" ind1=" " ind2=" ">
      <subfield code="a"> MISIONES (ARGENTINA)</subfield>
    </datafield>
    <datafield tag="942" ind1=" " ind2=" ">
      <subfield code="c">BK</subfield>
    </datafield>
    <datafield tag="952" ind1=" " ind2=" ">
      <subfield code="a">BIB_RECT</subfield>
      <subfield code="b">BIB_UARG</subfield>
      <subfield code="d">2009-07-30</subfield>
      <subfield code="y">BK</subfield>
      <subfield code="p">05-38088</subfield>
      <subfield code="i">05-38088</subfield>
      <subfield code="g">32</subfield>
      <subfield code="o">94(822.3) H557c</subfield>
      <subfield code="e">Donación Barbería, Elsa</subfield>
      <subfield code="8">CG</subfield>
    </datafield>
  </record>