
  <record>
    <leader>01000aam  22002601a 4500</leader>
    <controlfield tag="001">YPZ91542</controlfield>
    <controlfield tag="003">YPZ</controlfield>
    <controlfield tag="005">200908071026400</controlfield>
    <controlfield tag="008">090807|###########||||||b||||||||||spa|d</controlfield>
    <datafield tag="020" ind1=" " ind2=" ">
      <subfield code="a">8485950062 (o.c.)</subfield>
    </datafield>
    <datafield tag="020" ind1=" " ind2=" ">
      <subfield code="a">8485950038 (v.1)</subfield>
    </datafield>
    <datafield tag="020" ind1=" " ind2=" ">
      <subfield code="a">8485950046 (v.2)</subfield>
    </datafield>
    <datafield tag="020" ind1=" " ind2=" ">
      <subfield code="a">8485950054 (v.3)</subfield>
    </datafield>
    <datafield tag="040" ind1=" " ind2=" ">
      <subfield code="c">SIUNPA</subfield>
    </datafield>
    <datafield tag="041" ind1=" " ind2=" ">
      <subfield code="a">spa</subfield>
    </datafield>
    <datafield tag="044" ind1=" " ind2=" ">
      <subfield code="a">ES</subfield>
    </datafield>
    <datafield tag="080" ind1=" " ind2=" ">
      <subfield code="a">101.1(091) A122h</subfield>
    </datafield>
    <datafield tag="100" ind1=" " ind2=" ">
      <subfield code="a">Abbagnano, Nicolás.</subfield>
    </datafield>
    <datafield tag="245" ind1=" " ind2=" ">
      <subfield code="a">Historia de la filosofía</subfield>
      <subfield code="c"> / Estelrich, Juan, tr. ; Pérez Ballestar, J., tr.</subfield>
    </datafield>
    <datafield tag="260" ind1=" " ind2=" ">
      <subfield code="a">Barcelona</subfield>
      <subfield code="b"> : Hora</subfield>
      <subfield code="c"> , 1982</subfield>
    </datafield>
    <datafield tag="505" ind1=" " ind2=" ">
      <subfield code="a">Contenido: v.1. Filosofía antigua - Filosofía patrística - Filosofía escolástica -- v.2. La filosofía del Renacimiento - La filosofia moderna de los siglos XVII y XVIII -- v.3. La filosofía del romanticismo - La filosofía entre los siglos XIX y XX</subfield>
    </datafield>
    <datafield tag="650" ind1=" " ind2=" ">
      <subfield code="a"> HISTORIA DE LA FILOSOFIA</subfield>
    </datafield>
    <datafield tag="942" ind1=" " ind2=" ">
      <subfield code="c">BK</subfield>
    </datafield>
    <datafield tag="952" ind1=" " ind2=" ">
      <subfield code="a">BIB_RECT</subfield>
      <subfield code="b">BIB_UACO</subfield>
      <subfield code="d">2009-08-07</subfield>
      <subfield code="y">BK</subfield>
      <subfield code="p">02-03087</subfield>
      <subfield code="i">02-03087</subfield>
      <subfield code="g">36</subfield>
      <subfield code="o">101.1(091) A122h</subfield>
      <subfield code="e">Compra UACO</subfield>
      <subfield code="8">CG</subfield>
    </datafield>
    <datafield tag="952" ind1=" " ind2=" ">
      <subfield code="a">BIB_RECT</subfield>
      <subfield code="b">BIB_UACO</subfield>
      <subfield code="d">2009-08-07</subfield>
      <subfield code="y">BK</subfield>
      <subfield code="p">02-03088</subfield>
      <subfield code="i">02-03088</subfield>
      <subfield code="g">36</subfield>
      <subfield code="o">101.1(091) A122h</subfield>
      <subfield code="e">Compra UACO</subfield>
      <subfield code="8">CG</subfield>
    </datafield>
    <datafield tag="952" ind1=" " ind2=" ">
      <subfield code="a">BIB_RECT</subfield>
      <subfield code="b">BIB_UACO</subfield>
      <subfield code="d">2009-08-07</subfield>
      <subfield code="y">BK</subfield>
      <subfield code="p">02-03089</subfield>
      <subfield code="i">02-03089</subfield>
      <subfield code="g">36</subfield>
      <subfield code="o">101.1(091) A122h</subfield>
      <subfield code="e">Compra UACO</subfield>
      <subfield code="8">CG</subfield>
    </datafield>
  </record>