
  <record>
    <leader>01000aam  22002601a 4500</leader>
    <controlfield tag="001">YPZ91575</controlfield>
    <controlfield tag="003">YPZ</controlfield>
    <controlfield tag="005">200908111822570</controlfield>
    <controlfield tag="008">090811|###########||||||b||||||||||spa|d</controlfield>
    <datafield tag="040" ind1=" " ind2=" ">
      <subfield code="c">SIUNPA</subfield>
    </datafield>
    <datafield tag="041" ind1=" " ind2=" ">
      <subfield code="a">spa</subfield>
    </datafield>
    <datafield tag="044" ind1=" " ind2=" ">
      <subfield code="a">AR</subfield>
    </datafield>
    <datafield tag="080" ind1=" " ind2=" ">
      <subfield code="a">101.1(091) L214h</subfield>
    </datafield>
    <datafield tag="100" ind1=" " ind2=" ">
      <subfield code="a">Lamanna, E. Paolo.</subfield>
    </datafield>
    <datafield tag="245" ind1=" " ind2=" ">
      <subfield code="a">Historia de la filosofía</subfield>
      <subfield code="b"> : la filosofía del siglo XX</subfield>
      <subfield code="c"> / Mazía, Floreal, tr. ; Caletti, Oberdan, tr. ; Prieto, Eduardo, tr.</subfield>
    </datafield>
    <datafield tag="260" ind1=" " ind2=" ">
      <subfield code="a">Buenos Aires</subfield>
      <subfield code="b"> : Hachette</subfield>
      <subfield code="c"> , 1973-1981</subfield>
    </datafield>
    <datafield tag="500" ind1=" " ind2=" ">
      <subfield code="a">La biblioteca posee v.5 y 6</subfield>
    </datafield>
    <datafield tag="505" ind1=" " ind2=" ">
      <subfield code="a">Contenido: v.5. primera parte: Instuicionismo, filosofía de la acción y modernismo - Pragmatismo - La problemática de la ciencia - La problemática de la historia v.6. segunda parte: La herencia del criticismo y del positivismo - Neo-idealismo y neo-realismo anglo-americano -  La fenomenología - El Existencialismo</subfield>
    </datafield>
    <datafield tag="650" ind1=" " ind2=" ">
      <subfield code="a"> HISTORIA DE LA FILOSOFIA</subfield>
    </datafield>
    <datafield tag="942" ind1=" " ind2=" ">
      <subfield code="c">BK</subfield>
    </datafield>
    <datafield tag="952" ind1=" " ind2=" ">
      <subfield code="a">BIB_RECT</subfield>
      <subfield code="b">BIB_UACO</subfield>
      <subfield code="d">2009-08-11</subfield>
      <subfield code="y">BK</subfield>
      <subfield code="p">02-03429</subfield>
      <subfield code="i">02-03429</subfield>
      <subfield code="g">28</subfield>
      <subfield code="o">101.1(091) L214h</subfield>
      <subfield code="e">Compra UACO</subfield>
      <subfield code="8">CG</subfield>
    </datafield>
    <datafield tag="952" ind1=" " ind2=" ">
      <subfield code="a">BIB_RECT</subfield>
      <subfield code="b">BIB_UACO</subfield>
      <subfield code="d">2009-08-11</subfield>
      <subfield code="y">BK</subfield>
      <subfield code="p">02-03430</subfield>
      <subfield code="i">02-03430</subfield>
      <subfield code="g">28</subfield>
      <subfield code="o">101.1(091) L214h</subfield>
      <subfield code="e">Compra UACO</subfield>
      <subfield code="8">CG</subfield>
    </datafield>
  </record>