
  <record>
    <leader>01000aam  22002601a 4500</leader>
    <controlfield tag="001">YPZ91578</controlfield>
    <controlfield tag="003">YPZ</controlfield>
    <controlfield tag="005">200908131429370</controlfield>
    <controlfield tag="008">090813|###########||||||b||||||||||spa|d</controlfield>
    <datafield tag="040" ind1=" " ind2=" ">
      <subfield code="c">SIUNPA</subfield>
    </datafield>
    <datafield tag="041" ind1=" " ind2=" ">
      <subfield code="a">spa</subfield>
    </datafield>
    <datafield tag="044" ind1=" " ind2=" ">
      <subfield code="a">AR</subfield>
    </datafield>
    <datafield tag="080" ind1=" " ind2=" ">
      <subfield code="a">575 K641h</subfield>
    </datafield>
    <datafield tag="100" ind1=" " ind2=" ">
      <subfield code="a">Klein, Aaron.</subfield>
    </datafield>
    <datafield tag="245" ind1=" " ind2=" ">
      <subfield code="a">Los hilos de la vida</subfield>
      <subfield code="b"> : la genética desde Aristóteles hasta el ADN</subfield>
      <subfield code="c"> / Mor, Cota, tr.</subfield>
    </datafield>
    <datafield tag="260" ind1=" " ind2=" ">
      <subfield code="a">Buenos Aires</subfield>
      <subfield code="b"> : Eudeba</subfield>
      <subfield code="c"> , 1972</subfield>
    </datafield>
    <datafield tag="440" ind1=" " ind2=" ">
      <subfield code="a">Sección de obras de ciencia y tecnología</subfield>
      <subfield code="a">Biblioteca de divulgación. Ciencia joven</subfield>
      <subfield code="v">44</subfield>
    </datafield>
    <datafield tag="490" ind1=" " ind2=" ">
      <subfield code="a">Sección de obras de ciencia y tecnología</subfield>
      <subfield code="a">Biblioteca de divulgación. Ciencia joven</subfield>
      <subfield code="v">44</subfield>
    </datafield>
    <datafield tag="650" ind1=" " ind2=" ">
      <subfield code="a"> GENETICA HUMANA</subfield>
    </datafield>
    <datafield tag="650" ind1=" " ind2=" ">
      <subfield code="a"> HERENCIA GENETICA</subfield>
    </datafield>
    <datafield tag="650" ind1=" " ind2=" ">
      <subfield code="a"> BIOLOGIA MOLECULAR</subfield>
    </datafield>
    <datafield tag="650" ind1=" " ind2=" ">
      <subfield code="a"> ADN</subfield>
    </datafield>
    <datafield tag="942" ind1=" " ind2=" ">
      <subfield code="c">BK</subfield>
    </datafield>
    <datafield tag="952" ind1=" " ind2=" ">
      <subfield code="a">BIB_RECT</subfield>
      <subfield code="b">BIB_UACO</subfield>
      <subfield code="d">2009-08-07</subfield>
      <subfield code="y">BK</subfield>
      <subfield code="p">02-03693</subfield>
      <subfield code="i">02-03693</subfield>
      <subfield code="g">25</subfield>
      <subfield code="o">575 K641h</subfield>
      <subfield code="e">Donación Papousek, Emilio</subfield>
      <subfield code="8">CG</subfield>
    </datafield>
  </record>