
  <record>
    <leader>01000aam  22002601a 4500</leader>
    <controlfield tag="001">YPZ91585</controlfield>
    <controlfield tag="003">YPZ</controlfield>
    <controlfield tag="005">200908131613000</controlfield>
    <controlfield tag="008">090813|###########||||||b||||||||||spa|d</controlfield>
    <datafield tag="040" ind1=" " ind2=" ">
      <subfield code="c">SIUNPA</subfield>
    </datafield>
    <datafield tag="041" ind1=" " ind2=" ">
      <subfield code="a">spa</subfield>
    </datafield>
    <datafield tag="044" ind1=" " ind2=" ">
      <subfield code="a">AR</subfield>
    </datafield>
    <datafield tag="080" ind1=" " ind2=" ">
      <subfield code="a">94(82) S334a</subfield>
    </datafield>
    <datafield tag="100" ind1=" " ind2=" ">
      <subfield code="a">Schillizzi Moreno, Horacio A..</subfield>
    </datafield>
    <datafield tag="245" ind1=" " ind2=" ">
      <subfield code="a">Argentina contemporánea</subfield>
      <subfield code="b"> : fraude y entrega 1930-1943</subfield>
    </datafield>
    <datafield tag="260" ind1=" " ind2=" ">
      <subfield code="a">Buenos Aires</subfield>
      <subfield code="b"> : Plus Ultra</subfield>
      <subfield code="c"> , 1973</subfield>
    </datafield>
    <datafield tag="440" ind1=" " ind2=" ">
      <subfield code="a">Colección Diagonal</subfield>
      <subfield code="a">Colección esquemas políticos</subfield>
      <subfield code="v">2-3</subfield>
    </datafield>
    <datafield tag="490" ind1=" " ind2=" ">
      <subfield code="a">Colección Diagonal</subfield>
      <subfield code="a">Colección esquemas políticos</subfield>
      <subfield code="v">2-3</subfield>
    </datafield>
    <datafield tag="650" ind1=" " ind2=" ">
      <subfield code="a"> HISTORIA ARGENTINA</subfield>
    </datafield>
    <datafield tag="650" ind1=" " ind2=" ">
      <subfield code="a"> SIGLO XX</subfield>
    </datafield>
    <datafield tag="942" ind1=" " ind2=" ">
      <subfield code="c">BK</subfield>
    </datafield>
    <datafield tag="952" ind1=" " ind2=" ">
      <subfield code="a">BIB_RECT</subfield>
      <subfield code="b">BIB_UACO</subfield>
      <subfield code="d">2009-08-13</subfield>
      <subfield code="y">BK</subfield>
      <subfield code="p">02-00132</subfield>
      <subfield code="i">02-00132</subfield>
      <subfield code="g">30</subfield>
      <subfield code="o">94(82) S334a</subfield>
      <subfield code="e">CESCO</subfield>
      <subfield code="8">CG</subfield>
    </datafield>
    <datafield tag="952" ind1=" " ind2=" ">
      <subfield code="a">BIB_RECT</subfield>
      <subfield code="b">BIB_UACO</subfield>
      <subfield code="d">2009-08-13</subfield>
      <subfield code="y">BK</subfield>
      <subfield code="p">02-00134</subfield>
      <subfield code="i">02-00134</subfield>
      <subfield code="g">30</subfield>
      <subfield code="o">94(82) S334a</subfield>
      <subfield code="e">CESCO</subfield>
      <subfield code="8">CG</subfield>
    </datafield>
    <datafield tag="952" ind1=" " ind2=" ">
      <subfield code="a">BIB_RECT</subfield>
      <subfield code="b">BIB_UARG</subfield>
      <subfield code="d">2009-08-13</subfield>
      <subfield code="y">BK</subfield>
      <subfield code="p">05-06727</subfield>
      <subfield code="i">05-06727</subfield>
      <subfield code="g">30</subfield>
      <subfield code="o">94(82) S334a</subfield>
      <subfield code="e">Migración UARG</subfield>
      <subfield code="8">CG</subfield>
    </datafield>
    <datafield tag="952" ind1=" " ind2=" ">
      <subfield code="a">BIB_RECT</subfield>
      <subfield code="b">BIB_UARG</subfield>
      <subfield code="d">2009-08-13</subfield>
      <subfield code="y">BK</subfield>
      <subfield code="p">05-06749</subfield>
      <subfield code="i">05-06749</subfield>
      <subfield code="g">30</subfield>
      <subfield code="o">94(82) S334a</subfield>
      <subfield code="e">Migración UARG</subfield>
      <subfield code="8">CG</subfield>
    </datafield>
    <datafield tag="952" ind1=" " ind2=" ">
      <subfield code="a">BIB_RECT</subfield>
      <subfield code="b">BIB_UARG</subfield>
      <subfield code="d">2009-08-13</subfield>
      <subfield code="y">BK</subfield>
      <subfield code="p">05-14980</subfield>
      <subfield code="i">05-14980</subfield>
      <subfield code="g">30</subfield>
      <subfield code="o">94(82) S334a</subfield>
      <subfield code="e">Migración UARG</subfield>
      <subfield code="8">CG</subfield>
    </datafield>
  </record>