
  <record>
    <leader>01000aam  22002601a 4500</leader>
    <controlfield tag="001">YPZ91594</controlfield>
    <controlfield tag="003">YPZ</controlfield>
    <controlfield tag="005">200908141543440</controlfield>
    <controlfield tag="008">090814|###########||||||b||||||||||spa|d</controlfield>
    <datafield tag="020" ind1=" " ind2=" ">
      <subfield code="a">8420546186</subfield>
    </datafield>
    <datafield tag="040" ind1=" " ind2=" ">
      <subfield code="c">SIUNPA</subfield>
    </datafield>
    <datafield tag="041" ind1=" " ind2=" ">
      <subfield code="a">spa</subfield>
    </datafield>
    <datafield tag="044" ind1=" " ind2=" ">
      <subfield code="a">ES</subfield>
    </datafield>
    <datafield tag="080" ind1=" " ind2=" ">
      <subfield code="a">65.012.4 J671d7</subfield>
    </datafield>
    <datafield tag="100" ind1=" " ind2=" ">
      <subfield code="a">Johnson, Gerry.</subfield>
    </datafield>
    <datafield tag="700" ind1=" " ind2=" ">
      <subfield code="a">Scholes, Kevan.</subfield>
    </datafield>
    <datafield tag="700" ind1=" " ind2=" ">
      <subfield code="a">Whittington, Richard.</subfield>
    </datafield>
    <datafield tag="245" ind1=" " ind2=" ">
      <subfield code="a">Dirección estratégica</subfield>
      <subfield code="b"> : Séptima edición</subfield>
      <subfield code="c"> / Moreno López, Yago, tr. ; Blanco Mazagatos, Virginia, rev. técnica y coordinación de casos de estudio para la ed. en español ; Delgado García, Juan Buatista, rev. técnica y coordinación de casos de estudio para la ed. en español ; Fuente Sabaté, Juan Manuel de la, rev. técnica y coordinación de casos de estudio para la ed. en español ; Quevedo Puente, Esther de, rev. técnica y coordinación de casos de estudio para la ed. español</subfield>
    </datafield>
    <datafield tag="250" ind1=" " ind2=" ">
      <subfield code="a">7a ed. en español</subfield>
    </datafield>
    <datafield tag="260" ind1=" " ind2=" ">
      <subfield code="a">Madrid</subfield>
      <subfield code="b"> : Pearson Educación</subfield>
      <subfield code="c"> , reimpr.2007</subfield>
    </datafield>
    <datafield tag="650" ind1=" " ind2=" ">
      <subfield code="a"> ESTRATEGIA EMPRESARIAL</subfield>
    </datafield>
    <datafield tag="650" ind1=" " ind2=" ">
      <subfield code="a"> GESTION EMPRESARIAL</subfield>
    </datafield>
    <datafield tag="650" ind1=" " ind2=" ">
      <subfield code="a"> PLANIFICACION ESTRATEGICA</subfield>
    </datafield>
    <datafield tag="942" ind1=" " ind2=" ">
      <subfield code="c">BK</subfield>
    </datafield>
    <datafield tag="952" ind1=" " ind2=" ">
      <subfield code="a">BIB_RECT</subfield>
      <subfield code="b">BIB_UACO</subfield>
      <subfield code="d">2009-08-14</subfield>
      <subfield code="y">BK</subfield>
      <subfield code="p">02-38269</subfield>
      <subfield code="i">02-38269</subfield>
      <subfield code="g">114</subfield>
      <subfield code="o">65.012.4 J671d7</subfield>
      <subfield code="e">Acta entrega de bienes 239/09</subfield>
      <subfield code="8">CG</subfield>
    </datafield>
  </record>