
  <record>
    <leader>01000aam  22002601a 4500</leader>
    <controlfield tag="001">YPZ91600</controlfield>
    <controlfield tag="003">YPZ</controlfield>
    <controlfield tag="005">200908141631510</controlfield>
    <controlfield tag="008">090814|###########||||||b||||||||||spa|d</controlfield>
    <datafield tag="040" ind1=" " ind2=" ">
      <subfield code="c">SIUNPA</subfield>
    </datafield>
    <datafield tag="041" ind1=" " ind2=" ">
      <subfield code="a">spa</subfield>
    </datafield>
    <datafield tag="044" ind1=" " ind2=" ">
      <subfield code="a">ES</subfield>
    </datafield>
    <datafield tag="080" ind1=" " ind2=" ">
      <subfield code="a">519.2 L347e</subfield>
    </datafield>
    <datafield tag="110" ind1=" " ind2=" ">
      <subfield code="a">L'Association interentreprises pour le développement de l'enseignement programmé, AIDEP.</subfield>
    </datafield>
    <datafield tag="245" ind1=" " ind2=" ">
      <subfield code="a">Estadísticas y probabilidades</subfield>
      <subfield code="b"> : curso programado para el uso de los cuadros</subfield>
      <subfield code="c"> / Merlin, P., pról. ; Linés Heller, Jorge, versión española por ; Linés Escardo, Enrique, rev. por</subfield>
    </datafield>
    <datafield tag="260" ind1=" " ind2=" ">
      <subfield code="a">Barcelona</subfield>
      <subfield code="b"> : Reverté</subfield>
      <subfield code="c"> , 1971</subfield>
    </datafield>
    <datafield tag="500" ind1=" " ind2=" ">
      <subfield code="a">En portada: La enseñanza programada al servicio de la empresa</subfield>
    </datafield>
    <datafield tag="650" ind1=" " ind2=" ">
      <subfield code="a"> ESTADISTICA</subfield>
    </datafield>
    <datafield tag="650" ind1=" " ind2=" ">
      <subfield code="a"> ANALISIS ESTADISTICO</subfield>
    </datafield>
    <datafield tag="650" ind1=" " ind2=" ">
      <subfield code="a"> PROBABILIDAD</subfield>
    </datafield>
    <datafield tag="942" ind1=" " ind2=" ">
      <subfield code="c">BK</subfield>
    </datafield>
    <datafield tag="952" ind1=" " ind2=" ">
      <subfield code="a">BIB_RECT</subfield>
      <subfield code="b">BIB_UACO</subfield>
      <subfield code="d">2009-08-14</subfield>
      <subfield code="y">BK</subfield>
      <subfield code="p">02-00601</subfield>
      <subfield code="i">02-00601</subfield>
      <subfield code="g">40</subfield>
      <subfield code="o">519.2 L347e</subfield>
      <subfield code="e">Selvestrel, Mario</subfield>
      <subfield code="8">CG</subfield>
    </datafield>
  </record>