
  <record>
    <leader>01000aam  22002601a 4500</leader>
    <controlfield tag="001">YPZ91612</controlfield>
    <controlfield tag="003">YPZ</controlfield>
    <controlfield tag="005">200908181508520</controlfield>
    <controlfield tag="008">090818|###########||||||b||||||||||spa|d</controlfield>
    <datafield tag="020" ind1=" " ind2=" ">
      <subfield code="a">8428318212</subfield>
    </datafield>
    <datafield tag="040" ind1=" " ind2=" ">
      <subfield code="c">SIUNPA</subfield>
    </datafield>
    <datafield tag="041" ind1=" " ind2=" ">
      <subfield code="a">spa</subfield>
    </datafield>
    <datafield tag="044" ind1=" " ind2=" ">
      <subfield code="a">ES</subfield>
    </datafield>
    <datafield tag="080" ind1=" " ind2=" ">
      <subfield code="a">004.738.5 B456s5</subfield>
    </datafield>
    <datafield tag="100" ind1=" " ind2=" ">
      <subfield code="a">Benavides Abajo,  Juan.</subfield>
    </datafield>
    <datafield tag="700" ind1=" " ind2=" ">
      <subfield code="a">Olaizola Bartolomé, Juan María.</subfield>
    </datafield>
    <datafield tag="700" ind1=" " ind2=" ">
      <subfield code="a">Rivero Cornelio, Enrique.</subfield>
    </datafield>
    <datafield tag="245" ind1=" " ind2=" ">
      <subfield code="a">SQL</subfield>
      <subfield code="b"> : para usuarios y programadores</subfield>
    </datafield>
    <datafield tag="250" ind1=" " ind2=" ">
      <subfield code="a">5a ed.</subfield>
    </datafield>
    <datafield tag="260" ind1=" " ind2=" ">
      <subfield code="a">Madrid</subfield>
      <subfield code="b"> : Paraninfo</subfield>
      <subfield code="c"> , 1999</subfield>
    </datafield>
    <datafield tag="650" ind1=" " ind2=" ">
      <subfield code="a"> LENGUAJE SQL</subfield>
    </datafield>
    <datafield tag="650" ind1=" " ind2=" ">
      <subfield code="a"> BASE DE DATOS RELACIONALES</subfield>
    </datafield>
    <datafield tag="650" ind1=" " ind2=" ">
      <subfield code="a"> DISEÑO DE BASE DE DATOS</subfield>
    </datafield>
    <datafield tag="942" ind1=" " ind2=" ">
      <subfield code="c">BK</subfield>
    </datafield>
    <datafield tag="952" ind1=" " ind2=" ">
      <subfield code="a">BIB_RECT</subfield>
      <subfield code="b">BIB_UARG</subfield>
      <subfield code="d">2009-08-18</subfield>
      <subfield code="y">BK</subfield>
      <subfield code="p">05-12533</subfield>
      <subfield code="i">05-12533</subfield>
      <subfield code="g">45</subfield>
      <subfield code="o">004.738.5 B456s5</subfield>
      <subfield code="e">FOMEC 585/97</subfield>
      <subfield code="8">CG</subfield>
    </datafield>
  </record>