
  <record>
    <leader>01000aam  22002601a 4500</leader>
    <controlfield tag="001">YPZ91629</controlfield>
    <controlfield tag="003">YPZ</controlfield>
    <controlfield tag="005">200908201505120</controlfield>
    <controlfield tag="008">090820|###########||||||b||||||||||spa|d</controlfield>
    <datafield tag="040" ind1=" " ind2=" ">
      <subfield code="c">SIUNPA</subfield>
    </datafield>
    <datafield tag="041" ind1=" " ind2=" ">
      <subfield code="a">spa</subfield>
    </datafield>
    <datafield tag="044" ind1=" " ind2=" ">
      <subfield code="a">AR</subfield>
    </datafield>
    <datafield tag="080" ind1=" " ind2=" ">
      <subfield code="a">621.38 E384e</subfield>
    </datafield>
    <datafield tag="110" ind1=" " ind2=" ">
      <subfield code="a"/>
    </datafield>
    <datafield tag="245" ind1=" " ind2=" ">
      <subfield code="a">Electrónica básica</subfield>
      <subfield code="c"> / Lafulla, Jaime, tr.</subfield>
    </datafield>
    <datafield tag="250" ind1=" " ind2=" ">
      <subfield code="a">8a ed.</subfield>
    </datafield>
    <datafield tag="260" ind1=" " ind2=" ">
      <subfield code="a">Buenos Aires</subfield>
      <subfield code="b"> : Bell</subfield>
      <subfield code="c"> , 1973-1974</subfield>
    </datafield>
    <datafield tag="500" ind1=" " ind2=" ">
      <subfield code="a">El número de ed. varía según el vol.</subfield>
    </datafield>
    <datafield tag="505" ind1=" " ind2=" ">
      <subfield code="a">Contenido: v.1. Introducción a la electrónica - Diodos de vacio - Rectificadores metálicos secos - Qué es una fuente de alimentación - Filtros - Reguladores de voltaje -- v.2. Introducción a los amplificadores - El triodo - Tetrodos y pentodos - Audio - Amplificadores de tensión y de potencia -- v.3. Amplificadores de video - Frecuencia - Amplificadores de radio frecuencia - Osciladores -- v.4. Transmisores - Líneas de alimentación y antenas - Transmisión de onda continua y modulación de amplitud -- v.5. Antenas receptoras - Detectores y mezcladores - receptores de radio fecuencia sintonizada - receptores superheterodinos -- v.6. Electrónica del estado sólido - Diodos semiconductores - Como trabajan los transistores - Circuitos de transistores - Receptores transistorizados - Fundamentos de modulación de frecuencia - Receptores de modulación de frecuencia</subfield>
    </datafield>
    <datafield tag="650" ind1=" " ind2=" ">
      <subfield code="a"> ELECTRONICA</subfield>
    </datafield>
    <datafield tag="942" ind1=" " ind2=" ">
      <subfield code="c">BK</subfield>
    </datafield>
    <datafield tag="952" ind1=" " ind2=" ">
      <subfield code="a">BIB_RECT</subfield>
      <subfield code="b">BIB_UACO</subfield>
      <subfield code="d">2009-08-14</subfield>
      <subfield code="y">BK</subfield>
      <subfield code="p">02-01161</subfield>
      <subfield code="i">02-01161</subfield>
      <subfield code="g">30</subfield>
      <subfield code="o">621.38 E384e</subfield>
      <subfield code="e">Donación Selvestrel, Mario</subfield>
      <subfield code="8">CG</subfield>
    </datafield>
    <datafield tag="952" ind1=" " ind2=" ">
      <subfield code="a">BIB_RECT</subfield>
      <subfield code="b">BIB_UACO</subfield>
      <subfield code="d">2009-10-22</subfield>
      <subfield code="y">BK</subfield>
      <subfield code="p">02-01162</subfield>
      <subfield code="i">02-01162</subfield>
      <subfield code="g">30</subfield>
      <subfield code="o">621.38 E384e</subfield>
      <subfield code="e">Donación Selvestrel, Mario</subfield>
      <subfield code="8">CG</subfield>
    </datafield>
    <datafield tag="952" ind1=" " ind2=" ">
      <subfield code="a">BIB_RECT</subfield>
      <subfield code="b">BIB_UACO</subfield>
      <subfield code="d">2009-10-22</subfield>
      <subfield code="y">BK</subfield>
      <subfield code="p">02-01163</subfield>
      <subfield code="i">02-01163</subfield>
      <subfield code="g">30</subfield>
      <subfield code="o">621.38 E384e</subfield>
      <subfield code="e">Donación Selvestrel, Mario</subfield>
      <subfield code="8">CG</subfield>
    </datafield>
    <datafield tag="952" ind1=" " ind2=" ">
      <subfield code="a">BIB_RECT</subfield>
      <subfield code="b">BIB_UACO</subfield>
      <subfield code="d">2009-10-22</subfield>
      <subfield code="y">BK</subfield>
      <subfield code="p">02-01164</subfield>
      <subfield code="i">02-01164</subfield>
      <subfield code="g">30</subfield>
      <subfield code="o">621.38 E384e</subfield>
      <subfield code="e">Donación Selvestrel, Mario</subfield>
      <subfield code="8">CG</subfield>
    </datafield>
    <datafield tag="952" ind1=" " ind2=" ">
      <subfield code="a">BIB_RECT</subfield>
      <subfield code="b">BIB_UACO</subfield>
      <subfield code="d">2009-10-22</subfield>
      <subfield code="y">BK</subfield>
      <subfield code="p">02-01165</subfield>
      <subfield code="i">02-01165</subfield>
      <subfield code="g">30</subfield>
      <subfield code="o">621.38 E384e</subfield>
      <subfield code="e">Donación Selvestrel, Mario</subfield>
      <subfield code="8">CG</subfield>
    </datafield>
    <datafield tag="952" ind1=" " ind2=" ">
      <subfield code="a">BIB_RECT</subfield>
      <subfield code="b">BIB_UACO</subfield>
      <subfield code="d">2009-08-12</subfield>
      <subfield code="y">BK</subfield>
      <subfield code="p">02-01170</subfield>
      <subfield code="i">02-01170</subfield>
      <subfield code="g">30</subfield>
      <subfield code="o">621.38 E384e</subfield>
      <subfield code="e">Donación Selvestrel, Mario</subfield>
      <subfield code="8">CG</subfield>
    </datafield>
  </record>