
  <record>
    <leader>01000aam  22002601a 4500</leader>
    <controlfield tag="001">YPZ91643</controlfield>
    <controlfield tag="003">YPZ</controlfield>
    <controlfield tag="005">200908211502390</controlfield>
    <controlfield tag="008">090821|###########||||||b||||||||||spa|d</controlfield>
    <datafield tag="020" ind1=" " ind2=" ">
      <subfield code="a">9789701513668</subfield>
    </datafield>
    <datafield tag="040" ind1=" " ind2=" ">
      <subfield code="c">SIUNPA</subfield>
    </datafield>
    <datafield tag="041" ind1=" " ind2=" ">
      <subfield code="a">spa</subfield>
    </datafield>
    <datafield tag="044" ind1=" " ind2=" ">
      <subfield code="a">MX</subfield>
    </datafield>
    <datafield tag="080" ind1=" " ind2=" ">
      <subfield code="a">910.1 S623s2</subfield>
    </datafield>
    <datafield tag="100" ind1=" " ind2=" ">
      <subfield code="a">Cañada Torrecilla, Rosa.</subfield>
    </datafield>
    <datafield tag="700" ind1=" " ind2=" ">
      <subfield code="a">Cervera Cruañes, Begoña.</subfield>
    </datafield>
    <datafield tag="700" ind1=" " ind2=" ">
      <subfield code="a">Fernández García, Felipe.</subfield>
    </datafield>
    <datafield tag="700" ind1=" " ind2=" ">
      <subfield code="a">Gómez García, Nuria.</subfield>
    </datafield>
    <datafield tag="700" ind1=" " ind2=" ">
      <subfield code="a">Martínez Suárez, Pedro.</subfield>
    </datafield>
    <datafield tag="700" ind1=" " ind2=" ">
      <subfield code="a">Moreno Jiménez, Antonio.</subfield>
    </datafield>
    <datafield tag="700" ind1=" " ind2=" ">
      <subfield code="a">Prieto Flores, María Eugenia.</subfield>
    </datafield>
    <datafield tag="700" ind1=" " ind2=" ">
      <subfield code="a">Rodríguez Esteban, José Antonio.</subfield>
    </datafield>
    <datafield tag="700" ind1=" " ind2=" ">
      <subfield code="a">Vidal Domínguez, María Jesús.</subfield>
    </datafield>
    <datafield tag="245" ind1=" " ind2=" ">
      <subfield code="a">Sistemas y análisis de la información geográfica</subfield>
      <subfield code="b"> : manual de autoaprendizaje con ArcGIS</subfield>
      <subfield code="c"> / Moreno, Jiménez, Antonio coordinador</subfield>
    </datafield>
    <datafield tag="250" ind1=" " ind2=" ">
      <subfield code="a">2a ed.</subfield>
    </datafield>
    <datafield tag="260" ind1=" " ind2=" ">
      <subfield code="a">México, D.F.</subfield>
      <subfield code="b"> : Alfaomega</subfield>
      <subfield code="c"> , c2008</subfield>
    </datafield>
    <datafield tag="300" ind1=" " ind2=" ">
      <subfield code="a">158 p. : </subfield>
      <subfield code="b">il. ; </subfield>
      <subfield code="a">280 p. : </subfield>
      <subfield code="a">141 p. : </subfield>
      <subfield code="b">il. ; </subfield>
      <subfield code="a">119 p. : </subfield>
      <subfield code="b">il. ; </subfield>
      <subfield code="a">174 p. : </subfield>
      <subfield code="b">il. ; </subfield>
      <subfield code="a">v. : </subfield>
      <subfield code="b">il. ; </subfield>
      <subfield code="a">270 p. : </subfield>
      <subfield code="b">il. ; </subfield>
      <subfield code="a">2 v. : </subfield>
      <subfield code="a">267 p. : </subfield>
      <subfield code="a">279 p. : </subfield>
      <subfield code="a">191 p. : </subfield>
      <subfield code="b">il. ; </subfield>
      <subfield code="a">103 p. : </subfield>
      <subfield code="a">215 p. : </subfield>
      <subfield code="a">218 p. : </subfield>
      <subfield code="a">216 p. : </subfield>
      <subfield code="b">il. ; </subfield>
      <subfield code="a">193 p. : </subfield>
      <subfield code="a">201 p. : </subfield>
      <subfield code="a">219 p. : </subfield>
      <subfield code="a">430 p. : </subfield>
      <subfield code="b">il. ; </subfield>
      <subfield code="a">254 p. : </subfield>
      <subfield code="b">il. ; </subfield>
      <subfield code="a">315 p. : </subfield>
      <subfield code="b">il. ; </subfield>
      <subfield code="a">280 p. : </subfield>
      <subfield code="b">il. ; </subfield>
      <subfield code="a">157 p. : </subfield>
      <subfield code="a">3 v. : </subfield>
      <subfield code="b">il. ; </subfield>
      <subfield code="a">6 v. : </subfield>
      <subfield code="b">il. ; </subfield>
      <subfield code="a">257 p. : </subfield>
      <subfield code="a">293 p. : </subfield>
      <subfield code="a">273 p. : </subfield>
      <subfield code="b">il. ; </subfield>
      <subfield code="a">128 p. : </subfield>
      <subfield code="a">440 p. : </subfield>
      <subfield code="b">il. ; </subfield>
      <subfield code="a">226 p. : </subfield>
      <subfield code="b">il. ; </subfield>
      <subfield code="a">320 p. : </subfield>
      <subfield code="a">190 p. : </subfield>
      <subfield code="a">v. : </subfield>
      <subfield code="a">v. : </subfield>
      <subfield code="a">294 p. : </subfield>
      <subfield code="b">il. ; </subfield>
      <subfield code="a">552 p. : </subfield>
      <subfield code="b">il. ; </subfield>
      <subfield code="a">392 p. : </subfield>
      <subfield code="b">cuadros ; </subfield>
      <subfield code="a">330 p. : </subfield>
      <subfield code="a">3 v. : </subfield>
      <subfield code="a">360 p. : </subfield>
      <subfield code="a">120 p. : </subfield>
      <subfield code="a">61 p. : </subfield>
      <subfield code="a">335 p. : </subfield>
      <subfield code="a">245 p. : </subfield>
      <subfield code="b">il. ; </subfield>
      <subfield code="a">721 p. : </subfield>
      <subfield code="a">xxxiii, 140 p. : </subfield>
      <subfield code="a">648 p. : </subfield>
      <subfield code="a">174 p. : </subfield>
      <subfield code="b">il. ; </subfield>
      <subfield code="a">236 p. : </subfield>
      <subfield code="a">222 p. : </subfield>
      <subfield code="a">xxxvii, 111 p. : </subfield>
      <subfield code="a">480 p. : </subfield>
      <subfield code="a">302 p. : </subfield>
      <subfield code="a">316 p. : </subfield>
      <subfield code="a">182 p. : </subfield>
      <subfield code="a">253 p. : </subfield>
      <subfield code="a">i, 505 p. : </subfield>
      <subfield code="b">il. ; </subfield>
      <subfield code="a">liv, 104 p. : </subfield>
      <subfield code="a">431 p. : </subfield>
      <subfield code="b">il. ; </subfield>
      <subfield code="a">lxxxix, 374 p. : </subfield>
      <subfield code="a">132 p. : </subfield>
      <subfield code="a">160 p. : </subfield>
      <subfield code="a">203 p. : </subfield>
      <subfield code="b">il. ; </subfield>
      <subfield code="a">237 p. : </subfield>
      <subfield code="a">251 p. : </subfield>
      <subfield code="a">271 p. : </subfield>
      <subfield code="a">294 p. : </subfield>
      <subfield code="a">236 p. : </subfield>
      <subfield code="b">il. ; </subfield>
      <subfield code="a">215 p. : </subfield>
      <subfield code="b">il. ; </subfield>
      <subfield code="a">351 p. : </subfield>
      <subfield code="b">il. ; </subfield>
      <subfield code="a">266 p. : </subfield>
      <subfield code="b">il. ; </subfield>
      <subfield code="a">v. : </subfield>
      <subfield code="a">67 p. : </subfield>
      <subfield code="a">286 p. : </subfield>
      <subfield code="a">223 p. : </subfield>
      <subfield code="b">il. ; </subfield>
      <subfield code="a">329 p. : </subfield>
      <subfield code="b">cuadros ; </subfield>
      <subfield code="a">il. : </subfield>
      <subfield code="a">152 p. : </subfield>
      <subfield code="b">il. ; </subfield>
      <subfield code="a">2 v. : </subfield>
      <subfield code="a">478 p. : </subfield>
      <subfield code="a">x, 526 p. : </subfield>
      <subfield code="b">il. ; </subfield>
      <subfield code="a">321 p. : </subfield>
      <subfield code="b">il. ; </subfield>
      <subfield code="a">315 p. : </subfield>
      <subfield code="b">il. ; </subfield>
      <subfield code="a">xxvi, 685 p. : </subfield>
      <subfield code="b">il. ; </subfield>
      <subfield code="a">357 p. : </subfield>
      <subfield code="b">il. ; </subfield>
      <subfield code="a">iv, 428 p. : </subfield>
      <subfield code="b">il. ; </subfield>
      <subfield code="a">564 p. : </subfield>
      <subfield code="a">534 p. : </subfield>
      <subfield code="b">il. ; </subfield>
      <subfield code="a">496 p. : </subfield>
      <subfield code="b">il. ; </subfield>
      <subfield code="a">xxiv, 373 p. : </subfield>
      <subfield code="b">il. ; </subfield>
      <subfield code="a">846 p. : </subfield>
      <subfield code="b">il. ; </subfield>
      <subfield code="a">xvi, 477 p. : </subfield>
      <subfield code="b">il. ; </subfield>
      <subfield code="a">379 p. : </subfield>
      <subfield code="b">il. ; </subfield>
      <subfield code="a">382 p. : </subfield>
      <subfield code="b">il. ; </subfield>
      <subfield code="a">x, 332 p. : </subfield>
      <subfield code="b">il. ; </subfield>
      <subfield code="a">xx, 311 p. : </subfield>
      <subfield code="b">il. ; </subfield>
      <subfield code="a">xx, 311 p. : </subfield>
      <subfield code="b">il. ; </subfield>
      <subfield code="a">383 p. : </subfield>
      <subfield code="a">383 p. : </subfield>
      <subfield code="a">454 p. : </subfield>
      <subfield code="b">il. ; </subfield>
      <subfield code="a">414 p. : </subfield>
      <subfield code="b">il. ; </subfield>
      <subfield code="a">viii, 220 p. : </subfield>
      <subfield code="b">il. ; </subfield>
      <subfield code="a">736 p. : </subfield>
      <subfield code="a">528 p. : </subfield>
      <subfield code="b">il. ; </subfield>
      <subfield code="a">1133 p. : </subfield>
      <subfield code="a">v. : </subfield>
      <subfield code="a">3 v. : </subfield>
      <subfield code="b">il. ; </subfield>
      <subfield code="a">628 p. + 1 h. plegable : </subfield>
      <subfield code="b">il. ; </subfield>
      <subfield code="a">xxv, 733 p. : </subfield>
      <subfield code="a">522 p. + 3 h. plegable : </subfield>
      <subfield code="b">il. ; </subfield>
      <subfield code="a">v. : </subfield>
      <subfield code="b">il. ; </subfield>
      <subfield code="a">v. : </subfield>
      <subfield code="b">il. ; </subfield>
      <subfield code="a">ix, 263 p. : </subfield>
      <subfield code="b">il. ; </subfield>
      <subfield code="a">v. : </subfield>
      <subfield code="b">il. ; </subfield>
      <subfield code="a">762 p. + 5 h. plegable : </subfield>
      <subfield code="b">il. ; </subfield>
      <subfield code="a">6 v. : </subfield>
      <subfield code="b">il. ; </subfield>
      <subfield code="a">xv, 234 p. : </subfield>
      <subfield code="b">il. ; </subfield>
      <subfield code="a">xi, 661 p. : </subfield>
      <subfield code="b">il. ; </subfield>
      <subfield code="a">xiii, 261 p. : </subfield>
      <subfield code="a">ix, 186 p. : </subfield>
      <subfield code="b">il. ; </subfield>
      <subfield code="a">197 p. : </subfield>
      <subfield code="a">xxviii, 354 p. : </subfield>
      <subfield code="a">xi, 187 p. : </subfield>
      <subfield code="b">il. ; </subfield>
      <subfield code="a">397 p. : </subfield>
      <subfield code="b">il. ; </subfield>
      <subfield code="a">447 p. : </subfield>
      <subfield code="b">il. ; </subfield>
      <subfield code="a">556 p. : </subfield>
      <subfield code="b">il. ; </subfield>
      <subfield code="a">xxviii, 911 p. : </subfield>
      <subfield code="b">il. ; </subfield>
      <subfield code="e">1 CD-ROM en bolsillo</subfield>
    </datafield>
    <datafield tag="500" ind1=" " ind2=" ">
      <subfield code="a">El año de reimpresión varía según el ejemplar</subfield>
    </datafield>
    <datafield tag="650" ind1=" " ind2=" ">
      <subfield code="a"> SISTEMAS DE INFORMACION GEOGRAFICA</subfield>
    </datafield>
    <datafield tag="650" ind1=" " ind2=" ">
      <subfield code="a"> GEOGRAFIA</subfield>
    </datafield>
    <datafield tag="942" ind1=" " ind2=" ">
      <subfield code="c">BK</subfield>
    </datafield>
    <datafield tag="952" ind1=" " ind2=" ">
      <subfield code="a">BIB_RECT</subfield>
      <subfield code="b">BIB_UARG</subfield>
      <subfield code="d">2009-08-21</subfield>
      <subfield code="y">BK</subfield>
      <subfield code="p">05-38266</subfield>
      <subfield code="i">05-38266</subfield>
      <subfield code="g">140</subfield>
      <subfield code="o">910.1 S623s2</subfield>
      <subfield code="e">PI A187/2</subfield>
      <subfield code="8">CG</subfield>
    </datafield>
    <datafield tag="952" ind1=" " ind2=" ">
      <subfield code="a">BIB_RECT</subfield>
      <subfield code="b">BIB_UARG</subfield>
      <subfield code="d">2017-10-24</subfield>
      <subfield code="y">BK</subfield>
      <subfield code="p">05-49103</subfield>
      <subfield code="i">05-49103</subfield>
      <subfield code="g">313.6</subfield>
      <subfield code="o">910.1 S623s2</subfield>
      <subfield code="e">Compra SIUNPA/17</subfield>
      <subfield code="8">CG</subfield>
    </datafield>
  </record>