
  <record>
    <leader>01000aam  22002601a 4500</leader>
    <controlfield tag="001">YPZ91645</controlfield>
    <controlfield tag="003">YPZ</controlfield>
    <controlfield tag="005">200908211601370</controlfield>
    <controlfield tag="008">090821|###########||||||b||||||||||spa|d</controlfield>
    <datafield tag="020" ind1=" " ind2=" ">
      <subfield code="a">9788446025177</subfield>
    </datafield>
    <datafield tag="040" ind1=" " ind2=" ">
      <subfield code="c">SIUNPA</subfield>
    </datafield>
    <datafield tag="041" ind1=" " ind2=" ">
      <subfield code="a">spa</subfield>
    </datafield>
    <datafield tag="044" ind1=" " ind2=" ">
      <subfield code="a">ES</subfield>
    </datafield>
    <datafield tag="080" ind1=" " ind2=" ">
      <subfield code="a">329.12 H341b</subfield>
    </datafield>
    <datafield tag="100" ind1=" " ind2=" ">
      <subfield code="a">Harvey, David.</subfield>
    </datafield>
    <datafield tag="245" ind1=" " ind2=" ">
      <subfield code="a">Breve historia del neoliberalismo</subfield>
      <subfield code="c"> / Varela Mateos, Ana, tr.</subfield>
    </datafield>
    <datafield tag="260" ind1=" " ind2=" ">
      <subfield code="a">Madrid</subfield>
      <subfield code="b"> : Akal</subfield>
      <subfield code="c"> , 2007</subfield>
    </datafield>
    <datafield tag="440" ind1=" " ind2=" ">
      <subfield code="a">Serie sistemas de procesamiento electrónico</subfield>
      <subfield code="a">Serie informática de gestión</subfield>
      <subfield code="a">Serie sistemas de procesamiento electrónico</subfield>
      <subfield code="a">Yourdon press computing series</subfield>
      <subfield code="a">Serie sistemas de procesamiento electrónico</subfield>
      <subfield code="a">Colección desarrollo urbano y regional y políticas públicas</subfield>
      <subfield code="a">Manuales / Eudeba</subfield>
      <subfield code="a">Cuestiones de antagonismo</subfield>
      <subfield code="v">49</subfield>
    </datafield>
    <datafield tag="490" ind1=" " ind2=" ">
      <subfield code="a">Serie sistemas de procesamiento electrónico</subfield>
      <subfield code="a">Serie informática de gestión</subfield>
      <subfield code="a">Serie sistemas de procesamiento electrónico</subfield>
      <subfield code="a">Yourdon press computing series</subfield>
      <subfield code="a">Serie sistemas de procesamiento electrónico</subfield>
      <subfield code="a">Colección desarrollo urbano y regional y políticas públicas</subfield>
      <subfield code="a">Manuales / Eudeba</subfield>
      <subfield code="a">Cuestiones de antagonismo</subfield>
      <subfield code="v">49</subfield>
    </datafield>
    <datafield tag="650" ind1=" " ind2=" ">
      <subfield code="a"> HISTORIA ARGENTINA</subfield>
    </datafield>
    <datafield tag="650" ind1=" " ind2=" ">
      <subfield code="a"> NEOLIBERALISMO</subfield>
    </datafield>
    <datafield tag="942" ind1=" " ind2=" ">
      <subfield code="c">BK</subfield>
    </datafield>
    <datafield tag="952" ind1=" " ind2=" ">
      <subfield code="a">BIB_RECT</subfield>
      <subfield code="b">BIB_UARG</subfield>
      <subfield code="d">2009-08-21</subfield>
      <subfield code="y">BK</subfield>
      <subfield code="p">05-38258</subfield>
      <subfield code="i">05-38258</subfield>
      <subfield code="g">59</subfield>
      <subfield code="o">329.12 H341b</subfield>
      <subfield code="e">PI A187/2</subfield>
      <subfield code="8">CG</subfield>
    </datafield>
  </record>