
  <record>
    <leader>01000aam  22002601a 4500</leader>
    <controlfield tag="001">YPZ91693</controlfield>
    <controlfield tag="003">YPZ</controlfield>
    <controlfield tag="005">200908281530200</controlfield>
    <controlfield tag="008">090828|###########||||||b||||||||||spa|d</controlfield>
    <datafield tag="020" ind1=" " ind2=" ">
      <subfield code="a">0898744423</subfield>
    </datafield>
    <datafield tag="040" ind1=" " ind2=" ">
      <subfield code="c">SIUNPA</subfield>
    </datafield>
    <datafield tag="041" ind1=" " ind2=" ">
      <subfield code="a">eng</subfield>
    </datafield>
    <datafield tag="044" ind1=" " ind2=" ">
      <subfield code="a">US</subfield>
    </datafield>
    <datafield tag="080" ind1=" " ind2=" ">
      <subfield code="a">621.3 C626e</subfield>
    </datafield>
    <datafield tag="100" ind1=" " ind2=" ">
      <subfield code="a">Clement, Preston R..</subfield>
    </datafield>
    <datafield tag="700" ind1=" " ind2=" ">
      <subfield code="a">Johnson, Walter C..</subfield>
    </datafield>
    <datafield tag="245" ind1=" " ind2=" ">
      <subfield code="a">Electrical engineering science</subfield>
    </datafield>
    <datafield tag="260" ind1=" " ind2=" ">
      <subfield code="a">Malabar, Fla.</subfield>
      <subfield code="b"> : Krieger</subfield>
      <subfield code="c"> , reimpr. 1982</subfield>
    </datafield>
    <datafield tag="650" ind1=" " ind2=" ">
      <subfield code="a"> INGENIERIA ELECTRICA</subfield>
    </datafield>
    <datafield tag="650" ind1=" " ind2=" ">
      <subfield code="a"> ELECTROTECNIA</subfield>
    </datafield>
    <datafield tag="942" ind1=" " ind2=" ">
      <subfield code="c">BK</subfield>
    </datafield>
    <datafield tag="952" ind1=" " ind2=" ">
      <subfield code="a">BIB_RECT</subfield>
      <subfield code="b">BIB_UACO</subfield>
      <subfield code="d">2009-08-28</subfield>
      <subfield code="y">BK</subfield>
      <subfield code="p">02-01893</subfield>
      <subfield code="i">02-01893</subfield>
      <subfield code="g">85</subfield>
      <subfield code="o">621.3 C626e</subfield>
      <subfield code="e">Rotary Club</subfield>
      <subfield code="8">CG</subfield>
    </datafield>
  </record>