
  <record>
    <leader>01000aam  22002601a 4500</leader>
    <controlfield tag="001">YPZ91715</controlfield>
    <controlfield tag="003">YPZ</controlfield>
    <controlfield tag="005">200909021654360</controlfield>
    <controlfield tag="008">090902|###########||||||b||||||||||spa|d</controlfield>
    <datafield tag="040" ind1=" " ind2=" ">
      <subfield code="c">SIUNPA</subfield>
    </datafield>
    <datafield tag="041" ind1=" " ind2=" ">
      <subfield code="a">spa</subfield>
    </datafield>
    <datafield tag="044" ind1=" " ind2=" ">
      <subfield code="a">AR</subfield>
    </datafield>
    <datafield tag="080" ind1=" " ind2=" ">
      <subfield code="a">62-11 J55e2</subfield>
    </datafield>
    <datafield tag="100" ind1=" " ind2=" ">
      <subfield code="a">Jerie, G.D..</subfield>
    </datafield>
    <datafield tag="245" ind1=" " ind2=" ">
      <subfield code="a">Elementos de máquinas</subfield>
      <subfield code="b"> : atlas de construcción</subfield>
    </datafield>
    <datafield tag="250" ind1=" " ind2=" ">
      <subfield code="a">2a ed. rev.</subfield>
    </datafield>
    <datafield tag="260" ind1=" " ind2=" ">
      <subfield code="a">Buenos Aires</subfield>
      <subfield code="b"> : Labor</subfield>
      <subfield code="c"> , reimpr.1944</subfield>
    </datafield>
    <datafield tag="440" ind1=" " ind2=" ">
      <subfield code="a">Sección de obras de Sociología</subfield>
      <subfield code="a">Biblioteca del Universitario. Temas/Derecho</subfield>
      <subfield code="a">Biblioteca de Psicología contemporánea</subfield>
      <subfield code="a">Biblioteca de Psicología contemporánea</subfield>
      <subfield code="a">Serie McGraw-Hill de divulgación científica</subfield>
      <subfield code="a">Serie de compendios Schaum</subfield>
      <subfield code="a">Serie de compendios Schaum</subfield>
      <subfield code="a">Serie sistemas de procesamiento electrónico</subfield>
      <subfield code="a">La escuela del técnico mecánico</subfield>
      <subfield code="v">4</subfield>
    </datafield>
    <datafield tag="490" ind1=" " ind2=" ">
      <subfield code="a">Sección de obras de Sociología</subfield>
      <subfield code="a">Biblioteca del Universitario. Temas/Derecho</subfield>
      <subfield code="a">Biblioteca de Psicología contemporánea</subfield>
      <subfield code="a">Biblioteca de Psicología contemporánea</subfield>
      <subfield code="a">Serie McGraw-Hill de divulgación científica</subfield>
      <subfield code="a">Serie de compendios Schaum</subfield>
      <subfield code="a">Serie de compendios Schaum</subfield>
      <subfield code="a">Serie sistemas de procesamiento electrónico</subfield>
      <subfield code="a">La escuela del técnico mecánico</subfield>
      <subfield code="v">4</subfield>
    </datafield>
    <datafield tag="650" ind1=" " ind2=" ">
      <subfield code="a"> MAQUINARIA</subfield>
    </datafield>
    <datafield tag="650" ind1=" " ind2=" ">
      <subfield code="a"> CONSTRUCCION DE MAQUINAS</subfield>
    </datafield>
    <datafield tag="942" ind1=" " ind2=" ">
      <subfield code="c">BK</subfield>
    </datafield>
    <datafield tag="952" ind1=" " ind2=" ">
      <subfield code="a">BIB_RECT</subfield>
      <subfield code="b">BIB_UACO</subfield>
      <subfield code="d">2009-09-02</subfield>
      <subfield code="y">BK</subfield>
      <subfield code="p">02-01152</subfield>
      <subfield code="i">02-01152</subfield>
      <subfield code="g">45</subfield>
      <subfield code="o">62-11 J55e2</subfield>
      <subfield code="e">CESCO</subfield>
      <subfield code="8">CG</subfield>
    </datafield>
  </record>