
  <record>
    <leader>01000aam  22002601a 4500</leader>
    <controlfield tag="001">YPZ91720</controlfield>
    <controlfield tag="003">YPZ</controlfield>
    <controlfield tag="005">200909031525580</controlfield>
    <controlfield tag="008">090903|###########||||||b||||||||||spa|d</controlfield>
    <datafield tag="040" ind1=" " ind2=" ">
      <subfield code="c">SIUNPA</subfield>
    </datafield>
    <datafield tag="041" ind1=" " ind2=" ">
      <subfield code="a">spa</subfield>
    </datafield>
    <datafield tag="044" ind1=" " ind2=" ">
      <subfield code="a">AR</subfield>
    </datafield>
    <datafield tag="080" ind1=" " ind2=" ">
      <subfield code="a">547 B848q4</subfield>
    </datafield>
    <datafield tag="100" ind1=" " ind2=" ">
      <subfield code="a">Brewster, Ray Q..</subfield>
    </datafield>
    <datafield tag="700" ind1=" " ind2=" ">
      <subfield code="a">McEwen, William E..</subfield>
    </datafield>
    <datafield tag="245" ind1=" " ind2=" ">
      <subfield code="a">Química orgánica</subfield>
      <subfield code="b"> : cuarta edición norteamericana corregida y aumentada</subfield>
      <subfield code="c"> / Scattini, Carlos María, versión al español ; Comin, Jorge H., rev. ; Vernengo, Marcelo, rev. ; Deulofeo, Venancio, pról.</subfield>
    </datafield>
    <datafield tag="250" ind1=" " ind2=" ">
      <subfield code="a">3a ed. en español, 1a reimpr.</subfield>
    </datafield>
    <datafield tag="260" ind1=" " ind2=" ">
      <subfield code="a">Buenos Aires</subfield>
      <subfield code="b"> : Médico Quirúrgica</subfield>
      <subfield code="c"> , 1968</subfield>
    </datafield>
    <datafield tag="650" ind1=" " ind2=" ">
      <subfield code="a"> QUIMICA ORGANICA</subfield>
    </datafield>
    <datafield tag="942" ind1=" " ind2=" ">
      <subfield code="c">BK</subfield>
    </datafield>
    <datafield tag="952" ind1=" " ind2=" ">
      <subfield code="a">BIB_RECT</subfield>
      <subfield code="b">BIB_UACO</subfield>
      <subfield code="d">2009-09-03</subfield>
      <subfield code="y">BK</subfield>
      <subfield code="p">02-00117</subfield>
      <subfield code="i">02-00117</subfield>
      <subfield code="g">49</subfield>
      <subfield code="o">547 B848q4</subfield>
      <subfield code="e">Donación Lic. Selvestrel, P. Mario</subfield>
      <subfield code="8">CG</subfield>
    </datafield>
  </record>