
  <record>
    <leader>01000aam  22002601a 4500</leader>
    <controlfield tag="001">YPZ91724</controlfield>
    <controlfield tag="003">YPZ</controlfield>
    <controlfield tag="005">200909031651140</controlfield>
    <controlfield tag="008">090903|###########||||||b||||||||||spa|d</controlfield>
    <datafield tag="040" ind1=" " ind2=" ">
      <subfield code="c">SIUNPA</subfield>
    </datafield>
    <datafield tag="041" ind1=" " ind2=" ">
      <subfield code="a">spa</subfield>
    </datafield>
    <datafield tag="044" ind1=" " ind2=" ">
      <subfield code="a">AR</subfield>
    </datafield>
    <datafield tag="080" ind1=" " ind2=" ">
      <subfield code="a">551.4 B532g</subfield>
    </datafield>
    <datafield tag="100" ind1=" " ind2=" ">
      <subfield code="a">Beros, Carlos .</subfield>
    </datafield>
    <datafield tag="700" ind1=" " ind2=" ">
      <subfield code="a">Cesari, Omar.</subfield>
    </datafield>
    <datafield tag="700" ind1=" " ind2=" ">
      <subfield code="a">Simeoni, Alejandro.</subfield>
    </datafield>
    <datafield tag="245" ind1=" " ind2=" ">
      <subfield code="a">Geología y geomorfología del noroeste de Santa Cruz</subfield>
      <subfield code="b"> : informe final</subfield>
      <subfield code="c"> / Blachakis, Andrés, il.</subfield>
    </datafield>
    <datafield tag="260" ind1=" " ind2=" ">
      <subfield code="a">[Buenos Aires]</subfield>
      <subfield code="a">Comodoro Rivadavia</subfield>
      <subfield code="b"> : Consejo Federal de Inversiones, CFI</subfield>
      <subfield code="b"> : Universidad Nacional de la Patagonia San Juan Bosco</subfield>
      <subfield code="c"> , 1988</subfield>
    </datafield>
    <datafield tag="300" ind1=" " ind2=" ">
      <subfield code="a">vii, 133 p. : </subfield>
      <subfield code="b">il. ; </subfield>
      <subfield code="a">2 v. : </subfield>
      <subfield code="b">il. ; </subfield>
      <subfield code="a">xiv, 390 p. : </subfield>
      <subfield code="b">il. ; </subfield>
      <subfield code="a">xvi, 778 p. : </subfield>
      <subfield code="b">il. ; </subfield>
      <subfield code="a">276 p. : </subfield>
      <subfield code="b">il. ; </subfield>
      <subfield code="a">xvi, 651 p. : </subfield>
      <subfield code="b">il. ; </subfield>
      <subfield code="a">781 p. : </subfield>
      <subfield code="b">il. ; </subfield>
      <subfield code="a">246 p. : </subfield>
      <subfield code="b">il. ; </subfield>
      <subfield code="a">v. : </subfield>
      <subfield code="b">il. ; </subfield>
      <subfield code="a">xxiii, 824 p. : </subfield>
      <subfield code="b">il. ; </subfield>
      <subfield code="a">97 p. : </subfield>
      <subfield code="b">il. ; </subfield>
      <subfield code="a">xi, 445  p. : </subfield>
      <subfield code="b">il. ; </subfield>
      <subfield code="a">v. : </subfield>
      <subfield code="b">il. ; </subfield>
      <subfield code="a">41 h. de láminas : </subfield>
      <subfield code="b">il. ; </subfield>
      <subfield code="a">x, 405 p. : </subfield>
      <subfield code="b">il. ; </subfield>
      <subfield code="a">216 p. : </subfield>
      <subfield code="b">il. ; </subfield>
      <subfield code="a">463 p. : </subfield>
      <subfield code="b">il. ; </subfield>
      <subfield code="a">131 p. : </subfield>
      <subfield code="b">il. ; </subfield>
      <subfield code="a">xii, 950 p. : </subfield>
      <subfield code="b">il. ; </subfield>
      <subfield code="a">45, 47 p. : </subfield>
      <subfield code="b">tablas ; </subfield>
      <subfield code="a">viii, 185 p. : </subfield>
      <subfield code="b">il. ; </subfield>
      <subfield code="a">3 v. : </subfield>
      <subfield code="b">il., mapas ; </subfield>
      <subfield code="e">3 mapas plegs. en bolsillo</subfield>
    </datafield>
    <datafield tag="500" ind1=" " ind2=" ">
      <subfield code="a">Tít. de partida: Convenio de Cooperación Horizontal</subfield>
    </datafield>
    <datafield tag="500" ind1=" " ind2=" ">
      <subfield code="a">Realizado para: Mapa Hidrogeológico de la provincia de Santa Cruz</subfield>
    </datafield>
    <datafield tag="500" ind1=" " ind2=" ">
      <subfield code="a">La biblioteca posee t. 1-3</subfield>
    </datafield>
    <datafield tag="505" ind1=" " ind2=" ">
      <subfield code="a">Contenido: t.1. Estratigrafía del Pre-Plioceno -- t.2. Geología del Plio-Cuaternario-Geomorfología -- t.3. Bibliografía - Ilustraciones</subfield>
    </datafield>
    <datafield tag="650" ind1=" " ind2=" ">
      <subfield code="a"> GEOMORFOLOGIA</subfield>
    </datafield>
    <datafield tag="650" ind1=" " ind2=" ">
      <subfield code="a"> SANTA CRUZ (ARGENTINA)</subfield>
    </datafield>
    <datafield tag="942" ind1=" " ind2=" ">
      <subfield code="c">BK</subfield>
    </datafield>
    <datafield tag="952" ind1=" " ind2=" ">
      <subfield code="a">BIB_RECT</subfield>
      <subfield code="b">BIB_UACO</subfield>
      <subfield code="d">2009-09-04</subfield>
      <subfield code="y">BK</subfield>
      <subfield code="p">02-02510</subfield>
      <subfield code="i">02-02510</subfield>
      <subfield code="g">45</subfield>
      <subfield code="o">551.4 B532g</subfield>
      <subfield code="e">CESCO</subfield>
      <subfield code="8">CG</subfield>
    </datafield>
    <datafield tag="952" ind1=" " ind2=" ">
      <subfield code="a">BIB_RECT</subfield>
      <subfield code="b">BIB_UACO</subfield>
      <subfield code="d">2014-08-28</subfield>
      <subfield code="y">BK</subfield>
      <subfield code="p">02-02511</subfield>
      <subfield code="i">02-02511</subfield>
      <subfield code="g">45</subfield>
      <subfield code="o">551.4 B532g</subfield>
      <subfield code="e">CESCO</subfield>
      <subfield code="8">CG</subfield>
    </datafield>
    <datafield tag="952" ind1=" " ind2=" ">
      <subfield code="a">BIB_RECT</subfield>
      <subfield code="b">BIB_UACO</subfield>
      <subfield code="d">2009-09-04</subfield>
      <subfield code="y">BK</subfield>
      <subfield code="p">02-02512</subfield>
      <subfield code="i">02-02512</subfield>
      <subfield code="g">45</subfield>
      <subfield code="o">551.4 B532g</subfield>
      <subfield code="e">CESCO</subfield>
      <subfield code="8">CG</subfield>
    </datafield>
  </record>