
  <record>
    <leader>01000aam  22002601a 4500</leader>
    <controlfield tag="001">YPZ91735</controlfield>
    <controlfield tag="003">YPZ</controlfield>
    <controlfield tag="005">200909041845290</controlfield>
    <controlfield tag="008">090904|###########||||||b||||||||||spa|d</controlfield>
    <datafield tag="040" ind1=" " ind2=" ">
      <subfield code="c">SIUNPA</subfield>
    </datafield>
    <datafield tag="041" ind1=" " ind2=" ">
      <subfield code="a">spa</subfield>
    </datafield>
    <datafield tag="044" ind1=" " ind2=" ">
      <subfield code="a">AR</subfield>
    </datafield>
    <datafield tag="080" ind1=" " ind2=" ">
      <subfield code="a">372.851 B876f</subfield>
    </datafield>
    <datafield tag="100" ind1=" " ind2=" ">
      <subfield code="a">Brousseau, Guy.</subfield>
    </datafield>
    <datafield tag="245" ind1=" " ind2=" ">
      <subfield code="a">Fundamentos y métodos de la didáctica de la matemática</subfield>
      <subfield code="c"> / Fregona, Dilma, tr. ; Ortega, Facundo, tr.</subfield>
    </datafield>
    <datafield tag="260" ind1=" " ind2=" ">
      <subfield code="a">Córdoba</subfield>
      <subfield code="b"> : Facultad de Matemática, Astronomía y Física, Universidad Nacional de Córdoba</subfield>
      <subfield code="c"> , 1993</subfield>
    </datafield>
    <datafield tag="440" ind1=" " ind2=" ">
      <subfield code="a">Colección claves</subfield>
      <subfield code="a">Ensayo / Montesinos</subfield>
      <subfield code="a">Serie B. Trabajos de matemática</subfield>
      <subfield code="v">19</subfield>
    </datafield>
    <datafield tag="490" ind1=" " ind2=" ">
      <subfield code="a">Colección claves</subfield>
      <subfield code="a">Ensayo / Montesinos</subfield>
      <subfield code="a">Serie B. Trabajos de matemática</subfield>
      <subfield code="v">19</subfield>
    </datafield>
    <datafield tag="650" ind1=" " ind2=" ">
      <subfield code="a"> ENSEÑANZA DE LAS MATEMATICAS</subfield>
    </datafield>
    <datafield tag="650" ind1=" " ind2=" ">
      <subfield code="a"> METODOS DE ENSEÑANZA</subfield>
    </datafield>
    <datafield tag="942" ind1=" " ind2=" ">
      <subfield code="c">BK</subfield>
    </datafield>
    <datafield tag="952" ind1=" " ind2=" ">
      <subfield code="a">BIB_RECT</subfield>
      <subfield code="b">BIB_UACO</subfield>
      <subfield code="d">2009-08-12</subfield>
      <subfield code="y">BK</subfield>
      <subfield code="p">02-03940</subfield>
      <subfield code="i">02-03940</subfield>
      <subfield code="g">25</subfield>
      <subfield code="o">372.851 B876f</subfield>
      <subfield code="e">Donación Lorenzetti, Daniel</subfield>
      <subfield code="8">CG</subfield>
    </datafield>
    <datafield tag="952" ind1=" " ind2=" ">
      <subfield code="a">BIB_RECT</subfield>
      <subfield code="b">BIB_UACO</subfield>
      <subfield code="d">2009-08-12</subfield>
      <subfield code="y">BK</subfield>
      <subfield code="p">02-03941</subfield>
      <subfield code="i">02-03941</subfield>
      <subfield code="g">25</subfield>
      <subfield code="o">372.851 B876f</subfield>
      <subfield code="e">Donación Lorenzetti, Daniel</subfield>
      <subfield code="8">CG</subfield>
    </datafield>
  </record>