
  <record>
    <leader>01000aam  22002601a 4500</leader>
    <controlfield tag="001">YPZ91745</controlfield>
    <controlfield tag="003">YPZ</controlfield>
    <controlfield tag="005">200909071625410</controlfield>
    <controlfield tag="008">090907|###########||||||b||||||||||spa|d</controlfield>
    <datafield tag="040" ind1=" " ind2=" ">
      <subfield code="c">SIUNPA</subfield>
    </datafield>
    <datafield tag="041" ind1=" " ind2=" ">
      <subfield code="a">spa</subfield>
    </datafield>
    <datafield tag="044" ind1=" " ind2=" ">
      <subfield code="a">AR</subfield>
    </datafield>
    <datafield tag="080" ind1=" " ind2=" ">
      <subfield code="a">94(82) S162h</subfield>
    </datafield>
    <datafield tag="100" ind1=" " ind2=" ">
      <subfield code="a">Saldías, Adolfo.</subfield>
    </datafield>
    <datafield tag="245" ind1=" " ind2=" ">
      <subfield code="a">Historia de la Confederación Argentina</subfield>
      <subfield code="b"> : Rozas y su época</subfield>
    </datafield>
    <datafield tag="260" ind1=" " ind2=" ">
      <subfield code="a">Buenos Aires</subfield>
      <subfield code="b"> : Clio</subfield>
      <subfield code="c"> , 1975</subfield>
    </datafield>
    <datafield tag="650" ind1=" " ind2=" ">
      <subfield code="a"> HISTORIA ARGENTINA</subfield>
    </datafield>
    <datafield tag="650" ind1=" " ind2=" ">
      <subfield code="a"> ROSAS, JUAN MANUEL DE (1793</subfield>
    </datafield>
    <datafield tag="650" ind1=" " ind2=" ">
      <subfield code="a">1877)</subfield>
    </datafield>
    <datafield tag="650" ind1=" " ind2=" ">
      <subfield code="a"> SIGLO XIX</subfield>
    </datafield>
    <datafield tag="942" ind1=" " ind2=" ">
      <subfield code="c">BK</subfield>
    </datafield>
    <datafield tag="952" ind1=" " ind2=" ">
      <subfield code="a">BIB_RECT</subfield>
      <subfield code="b">BIB_UACO</subfield>
      <subfield code="d">2009-09-07</subfield>
      <subfield code="y">BK</subfield>
      <subfield code="p">02-00279</subfield>
      <subfield code="i">02-00279</subfield>
      <subfield code="g">45</subfield>
      <subfield code="o">94(82) S162h</subfield>
      <subfield code="e">CESCO</subfield>
      <subfield code="8">CG</subfield>
    </datafield>
    <datafield tag="952" ind1=" " ind2=" ">
      <subfield code="a">BIB_RECT</subfield>
      <subfield code="b">BIB_UACO</subfield>
      <subfield code="d">2009-09-07</subfield>
      <subfield code="y">BK</subfield>
      <subfield code="p">02-00280</subfield>
      <subfield code="i">02-00280</subfield>
      <subfield code="g">45</subfield>
      <subfield code="o">94(82) S162h</subfield>
      <subfield code="e">CESCO</subfield>
      <subfield code="8">CG</subfield>
    </datafield>
    <datafield tag="952" ind1=" " ind2=" ">
      <subfield code="a">BIB_RECT</subfield>
      <subfield code="b">BIB_UACO</subfield>
      <subfield code="d">2013-10-15</subfield>
      <subfield code="y">BK</subfield>
      <subfield code="p">02-00357</subfield>
      <subfield code="i">02-00357</subfield>
      <subfield code="g">79</subfield>
      <subfield code="o">94(82) S162h</subfield>
      <subfield code="e">Desconocido</subfield>
      <subfield code="8">CG</subfield>
    </datafield>
  </record>