
  <record>
    <leader>01000aam  22002601a 4500</leader>
    <controlfield tag="001">YPZ91748</controlfield>
    <controlfield tag="003">YPZ</controlfield>
    <controlfield tag="005">200909071724150</controlfield>
    <controlfield tag="008">090907|###########||||||b||||||||||spa|d</controlfield>
    <datafield tag="020" ind1=" " ind2=" ">
      <subfield code="a">9507392548</subfield>
    </datafield>
    <datafield tag="040" ind1=" " ind2=" ">
      <subfield code="c">SIUNPA</subfield>
    </datafield>
    <datafield tag="041" ind1=" " ind2=" ">
      <subfield code="a">spa</subfield>
    </datafield>
    <datafield tag="044" ind1=" " ind2=" ">
      <subfield code="a">AR</subfield>
    </datafield>
    <datafield tag="080" ind1=" " ind2=" ">
      <subfield code="a">331.45 A691h2</subfield>
    </datafield>
    <datafield tag="110" ind1=" " ind2=" ">
      <subfield code="a">Argentina. Leyes, etc..</subfield>
    </datafield>
    <datafield tag="245" ind1=" " ind2=" ">
      <subfield code="a">Higiene y seguridad en el trabajo</subfield>
    </datafield>
    <datafield tag="250" ind1=" " ind2=" ">
      <subfield code="a">2a ed.</subfield>
    </datafield>
    <datafield tag="260" ind1=" " ind2=" ">
      <subfield code="a">Buenos Aires</subfield>
      <subfield code="b"> : ERREPAR</subfield>
      <subfield code="c"> , 1995</subfield>
    </datafield>
    <datafield tag="500" ind1=" " ind2=" ">
      <subfield code="a">Subt. de cub.: ley (L. 19587) - Decreto reglamentario (D. 351/79 y modif.)</subfield>
    </datafield>
    <datafield tag="650" ind1=" " ind2=" ">
      <subfield code="a"> DERECHO DEL TRABAJO  SALUD LABORAL</subfield>
    </datafield>
    <datafield tag="650" ind1=" " ind2=" ">
      <subfield code="a"> HIGIENE DEL TRABAJO</subfield>
    </datafield>
    <datafield tag="650" ind1=" " ind2=" ">
      <subfield code="a"> DECRETO 351/79</subfield>
    </datafield>
    <datafield tag="650" ind1=" " ind2=" ">
      <subfield code="a"> LEY 19587</subfield>
    </datafield>
    <datafield tag="942" ind1=" " ind2=" ">
      <subfield code="c">BK</subfield>
    </datafield>
    <datafield tag="952" ind1=" " ind2=" ">
      <subfield code="a">BIB_RECT</subfield>
      <subfield code="b">BIB_UACO</subfield>
      <subfield code="d">2009-09-07</subfield>
      <subfield code="y">BK</subfield>
      <subfield code="p">02-37200</subfield>
      <subfield code="i">02-37200</subfield>
      <subfield code="g">22</subfield>
      <subfield code="o">331.45 A691h2</subfield>
      <subfield code="e">Donación</subfield>
      <subfield code="8">CG</subfield>
    </datafield>
  </record>