
  <record>
    <leader>01000aam  22002601a 4500</leader>
    <controlfield tag="001">YPZ91767</controlfield>
    <controlfield tag="003">YPZ</controlfield>
    <controlfield tag="005">200909081735460</controlfield>
    <controlfield tag="008">090908|###########||||||b||||||||||spa|d</controlfield>
    <datafield tag="040" ind1=" " ind2=" ">
      <subfield code="c">SIUNPA</subfield>
    </datafield>
    <datafield tag="041" ind1=" " ind2=" ">
      <subfield code="a">spa</subfield>
    </datafield>
    <datafield tag="044" ind1=" " ind2=" ">
      <subfield code="a">AR</subfield>
    </datafield>
    <datafield tag="080" ind1=" " ind2=" ">
      <subfield code="a">371.279.7 E921ev</subfield>
    </datafield>
    <datafield tag="245" ind1=" " ind2=" ">
      <subfield code="a">Evaluación</subfield>
      <subfield code="b"> : cómo preparar las pruebas objetivas para 6º y 7º grados</subfield>
    </datafield>
    <datafield tag="260" ind1=" " ind2=" ">
      <subfield code="a">Buenos Aires</subfield>
      <subfield code="b"> : Kapelusz</subfield>
      <subfield code="c"> , 1970</subfield>
    </datafield>
    <datafield tag="440" ind1=" " ind2=" ">
      <subfield code="a">Ariel practicum</subfield>
      <subfield code="a">Separatas / ERREPAR</subfield>
      <subfield code="a">Separatas / ERREPAR</subfield>
      <subfield code="a">Separatas / ERREPAR</subfield>
      <subfield code="a">Obras magistrales de la Editorial Bibliográfica Argentina, Omeba</subfield>
      <subfield code="a">American problem studies</subfield>
      <subfield code="a">Cuaderno pedagógico</subfield>
      <subfield code="v">10</subfield>
    </datafield>
    <datafield tag="490" ind1=" " ind2=" ">
      <subfield code="a">Ariel practicum</subfield>
      <subfield code="a">Separatas / ERREPAR</subfield>
      <subfield code="a">Separatas / ERREPAR</subfield>
      <subfield code="a">Separatas / ERREPAR</subfield>
      <subfield code="a">Obras magistrales de la Editorial Bibliográfica Argentina, Omeba</subfield>
      <subfield code="a">American problem studies</subfield>
      <subfield code="a">Cuaderno pedagógico</subfield>
      <subfield code="v">10</subfield>
    </datafield>
    <datafield tag="650" ind1=" " ind2=" ">
      <subfield code="a"> EVALUACION DEL ALUMNO</subfield>
    </datafield>
    <datafield tag="650" ind1=" " ind2=" ">
      <subfield code="a"> CRITERIOS DE EVALUACION</subfield>
    </datafield>
    <datafield tag="650" ind1=" " ind2=" ">
      <subfield code="a"> METODOS DE EVALUACION</subfield>
    </datafield>
    <datafield tag="650" ind1=" " ind2=" ">
      <subfield code="a"> TECNICAS DE EVALUACION</subfield>
    </datafield>
    <datafield tag="650" ind1=" " ind2=" ">
      <subfield code="a"> ENSEÑANZA PRIMARIA</subfield>
    </datafield>
    <datafield tag="942" ind1=" " ind2=" ">
      <subfield code="c">BK</subfield>
    </datafield>
    <datafield tag="952" ind1=" " ind2=" ">
      <subfield code="a">BIB_RECT</subfield>
      <subfield code="b">BIB_UACO</subfield>
      <subfield code="d">2009-08-21</subfield>
      <subfield code="y">BK</subfield>
      <subfield code="p">02-02085</subfield>
      <subfield code="i">02-02085</subfield>
      <subfield code="g">25</subfield>
      <subfield code="o">371.279.7 E921ev</subfield>
      <subfield code="e">CESCO</subfield>
      <subfield code="8">CG</subfield>
    </datafield>
    <datafield tag="952" ind1=" " ind2=" ">
      <subfield code="a">BIB_RECT</subfield>
      <subfield code="b">BIB_UACO</subfield>
      <subfield code="d">2009-08-21</subfield>
      <subfield code="y">BK</subfield>
      <subfield code="p">02-02086</subfield>
      <subfield code="i">02-02086</subfield>
      <subfield code="g">25</subfield>
      <subfield code="o">371.279.7 E921ev</subfield>
      <subfield code="e">CESCO</subfield>
      <subfield code="8">CG</subfield>
    </datafield>
  </record>