
  <record>
    <leader>01000aam  22002601a 4500</leader>
    <controlfield tag="001">YPZ91788</controlfield>
    <controlfield tag="003">YPZ</controlfield>
    <controlfield tag="005">200909091600490</controlfield>
    <controlfield tag="008">090909|###########||||||b||||||||||spa|d</controlfield>
    <datafield tag="040" ind1=" " ind2=" ">
      <subfield code="c">SIUNPA</subfield>
    </datafield>
    <datafield tag="041" ind1=" " ind2=" ">
      <subfield code="a">spa</subfield>
    </datafield>
    <datafield tag="044" ind1=" " ind2=" ">
      <subfield code="a">US</subfield>
      <subfield code="a">MX</subfield>
    </datafield>
    <datafield tag="080" ind1=" " ind2=" ">
      <subfield code="a">665.61 S456s</subfield>
    </datafield>
    <datafield tag="245" ind1=" " ind2=" ">
      <subfield code="a">Seguridad en la instalación</subfield>
      <subfield code="b"> : unidad I,  Lección 10</subfield>
      <subfield code="c"> / Universidad de Texas, tr.</subfield>
    </datafield>
    <datafield tag="260" ind1=" " ind2=" ">
      <subfield code="a">Austin, Tex.</subfield>
      <subfield code="a">México, D.F.</subfield>
      <subfield code="b"> : Servicio de Extensión Petrolera, Universidad de Texas en Austin</subfield>
      <subfield code="b"> : Instituto Mexicano del Petróleo</subfield>
      <subfield code="c"> , 1981</subfield>
    </datafield>
    <datafield tag="500" ind1=" " ind2=" ">
      <subfield code="a">Tít. de partida: Perforación rotatoria</subfield>
    </datafield>
    <datafield tag="650" ind1=" " ind2=" ">
      <subfield code="a"> INDUSTRIA PETROLERA</subfield>
    </datafield>
    <datafield tag="650" ind1=" " ind2=" ">
      <subfield code="a"> SEGURIDAD DEL TRABAJO</subfield>
    </datafield>
    <datafield tag="942" ind1=" " ind2=" ">
      <subfield code="c">BK</subfield>
    </datafield>
    <datafield tag="952" ind1=" " ind2=" ">
      <subfield code="a">BIB_RECT</subfield>
      <subfield code="b">BIB_UACO</subfield>
      <subfield code="d">2009-09-09</subfield>
      <subfield code="y">BK</subfield>
      <subfield code="p">02-02341</subfield>
      <subfield code="i">02-02341</subfield>
      <subfield code="g">22</subfield>
      <subfield code="o">665.61 S456s</subfield>
      <subfield code="e">Alumnos y prof. Carrera de Lic. Gas y Pe</subfield>
      <subfield code="8">CG</subfield>
    </datafield>
  </record>