
  <record>
    <leader>01000aam  22002601a 4500</leader>
    <controlfield tag="001">YPZ91798</controlfield>
    <controlfield tag="003">YPZ</controlfield>
    <controlfield tag="005">200909101549380</controlfield>
    <controlfield tag="008">090910|###########||||||b||||||||||spa|d</controlfield>
    <datafield tag="020" ind1=" " ind2=" ">
      <subfield code="a">9506640084</subfield>
    </datafield>
    <datafield tag="040" ind1=" " ind2=" ">
      <subfield code="c">SIUNPA</subfield>
    </datafield>
    <datafield tag="041" ind1=" " ind2=" ">
      <subfield code="a">spa</subfield>
    </datafield>
    <datafield tag="044" ind1=" " ind2=" ">
      <subfield code="a">AR</subfield>
    </datafield>
    <datafield tag="080" ind1=" " ind2=" ">
      <subfield code="a">347 C271c 1986</subfield>
    </datafield>
    <datafield tag="100" ind1=" " ind2=" ">
      <subfield code="a">Carette, Augusto.</subfield>
    </datafield>
    <datafield tag="110" ind1=" " ind2=" ">
      <subfield code="a">Argentina. Leyes, etc..</subfield>
    </datafield>
    <datafield tag="240" ind1=" " ind2=" ">
      <subfield code="a">[Código civil]</subfield>
    </datafield>
    <datafield tag="245" ind1=" " ind2=" ">
      <subfield code="a">El código civil argentino en cuadros sinópticos</subfield>
      <subfield code="c"> / Valle Iberlucea, Enrique del, introd. ; Marcolin de Andorno, Marta, actualizado ; Mangione Muro, Mirta, reactualizado ; Baravalle, Roberto, reactualizado</subfield>
    </datafield>
    <datafield tag="250" ind1=" " ind2=" ">
      <subfield code="a">2a ed.</subfield>
    </datafield>
    <datafield tag="260" ind1=" " ind2=" ">
      <subfield code="a">Rosario</subfield>
      <subfield code="b"> : Zeus</subfield>
      <subfield code="c"> , 1986, 1989</subfield>
    </datafield>
    <datafield tag="300" ind1=" " ind2=" ">
      <subfield code="a">2 v. : </subfield>
      <subfield code="b">il. ; </subfield>
      <subfield code="a">278 p. : </subfield>
      <subfield code="b">il. ; </subfield>
      <subfield code="a">139 p. : </subfield>
      <subfield code="b">il. ; </subfield>
      <subfield code="a">197 p. : </subfield>
      <subfield code="b">il. ; </subfield>
      <subfield code="a">xiv, 447 p. : </subfield>
      <subfield code="b">il. ; </subfield>
      <subfield code="a">x, 125 p. : </subfield>
      <subfield code="b">il. ; </subfield>
      <subfield code="a">96 p. : </subfield>
      <subfield code="b">il. ; </subfield>
      <subfield code="a">xxv, 195 p. : </subfield>
      <subfield code="a">58 p. : </subfield>
      <subfield code="b">il. ; </subfield>
      <subfield code="a">v, 75 p. : </subfield>
      <subfield code="b">il. ; </subfield>
      <subfield code="a">xxi, 477, 66 p. : </subfield>
      <subfield code="b">il. ; </subfield>
      <subfield code="a">72 h. : </subfield>
      <subfield code="b">il. ; </subfield>
      <subfield code="a">108, xli p. : </subfield>
      <subfield code="b">il. ; </subfield>
      <subfield code="a">xii, 345 p. : </subfield>
      <subfield code="b">il. ; </subfield>
      <subfield code="a">173 p. : </subfield>
      <subfield code="b">il. ; </subfield>
      <subfield code="a">xxi, 979 p. : </subfield>
      <subfield code="b">il. ; </subfield>
      <subfield code="a">xxi, 294 p. : </subfield>
      <subfield code="b">il. ; </subfield>
      <subfield code="a">3 v. : </subfield>
      <subfield code="b">il. ; </subfield>
      <subfield code="a">296 p. : </subfield>
      <subfield code="a">[48] h. : </subfield>
      <subfield code="b">il. ; </subfield>
      <subfield code="a">685 p. : </subfield>
      <subfield code="b">il. ; </subfield>
      <subfield code="a">685 p. : </subfield>
      <subfield code="b">il. ; </subfield>
      <subfield code="a">1 atlas ([26] h.) : 29 mapas col. : </subfield>
      <subfield code="b">il. ; </subfield>
      <subfield code="a">62 h. : </subfield>
      <subfield code="a">[80] p. : </subfield>
      <subfield code="a">v. : </subfield>
      <subfield code="a">2 v. : </subfield>
      <subfield code="a">v. : </subfield>
      <subfield code="a">122 p. : </subfield>
      <subfield code="b">il. ; </subfield>
      <subfield code="a">2 v. : </subfield>
      <subfield code="a">47 p. : </subfield>
      <subfield code="b">il. ; </subfield>
      <subfield code="a">2 v. : </subfield>
      <subfield code="b">il. ; </subfield>
      <subfield code="a">79 p. : </subfield>
      <subfield code="b">il. ; </subfield>
      <subfield code="a">47 p. : </subfield>
      <subfield code="b">il. ; </subfield>
      <subfield code="a">46 p. : </subfield>
      <subfield code="b">il. ; </subfield>
      <subfield code="a">380 p. : </subfield>
      <subfield code="b">il. ; </subfield>
      <subfield code="a">v. : </subfield>
      <subfield code="b">il. ; </subfield>
      <subfield code="a">143 p. : </subfield>
      <subfield code="b">il. ; </subfield>
      <subfield code="a">xx, 412 p. : </subfield>
      <subfield code="b">il. ; </subfield>
      <subfield code="a">xxi, 190 p. : </subfield>
      <subfield code="b">il. ; </subfield>
      <subfield code="a">219 p. : </subfield>
      <subfield code="b">il. ; </subfield>
      <subfield code="a">ix, 75 p. : </subfield>
      <subfield code="b">il. ; </subfield>
      <subfield code="a">952 p. : </subfield>
      <subfield code="b">il. ; </subfield>
      <subfield code="a">84 p. : </subfield>
      <subfield code="b">il. ; </subfield>
      <subfield code="a">105 p. : </subfield>
      <subfield code="b">il. ; </subfield>
      <subfield code="a">188 p. : </subfield>
      <subfield code="b">il. ; </subfield>
      <subfield code="a">221 p. : </subfield>
      <subfield code="b">il. ; </subfield>
      <subfield code="a">[85] h. en varias foliaciones : </subfield>
      <subfield code="b">il. ; </subfield>
      <subfield code="a">x, 390 p. : </subfield>
      <subfield code="b">il. ; </subfield>
      <subfield code="a">xii, 241 p. : </subfield>
      <subfield code="a">318 p. : </subfield>
      <subfield code="b">il. ; </subfield>
      <subfield code="e">1 folleto (13 p.)</subfield>
    </datafield>
    <datafield tag="500" ind1=" " ind2=" ">
      <subfield code="a">En cub.: Leyes 23091 y 23264</subfield>
    </datafield>
    <datafield tag="505" ind1=" " ind2=" ">
      <subfield code="a">El folleto contiene actualización Ley 23515</subfield>
    </datafield>
    <datafield tag="650" ind1=" " ind2=" ">
      <subfield code="a"> DERECHO CIVIL</subfield>
    </datafield>
    <datafield tag="650" ind1=" " ind2=" ">
      <subfield code="a"> LEGISLACION</subfield>
    </datafield>
    <datafield tag="650" ind1=" " ind2=" ">
      <subfield code="a"> ARGENTINA</subfield>
    </datafield>
    <datafield tag="650" ind1=" " ind2=" ">
      <subfield code="a"> LEY 23091</subfield>
    </datafield>
    <datafield tag="650" ind1=" " ind2=" ">
      <subfield code="a"> LEY 23264 </subfield>
    </datafield>
    <datafield tag="650" ind1=" " ind2=" ">
      <subfield code="a"> LEY 23515</subfield>
    </datafield>
    <datafield tag="942" ind1=" " ind2=" ">
      <subfield code="c">BK</subfield>
    </datafield>
    <datafield tag="952" ind1=" " ind2=" ">
      <subfield code="a">BIB_RECT</subfield>
      <subfield code="b">BIB_UACO</subfield>
      <subfield code="d">2009-08-24</subfield>
      <subfield code="y">BK</subfield>
      <subfield code="p">02-03692</subfield>
      <subfield code="i">02-03692</subfield>
      <subfield code="g">45</subfield>
      <subfield code="o">347 C271c 1986</subfield>
      <subfield code="e">Donación Dr. Palma</subfield>
      <subfield code="8">CG</subfield>
    </datafield>
  </record>