
  <record>
    <leader>01000aam  22002601a 4500</leader>
    <controlfield tag="001">YPZ91819</controlfield>
    <controlfield tag="003">YPZ</controlfield>
    <controlfield tag="005">200909141427220</controlfield>
    <controlfield tag="008">090914|###########||||||b||||||||||spa|d</controlfield>
    <datafield tag="020" ind1=" " ind2=" ">
      <subfield code="a">9789876340878</subfield>
    </datafield>
    <datafield tag="040" ind1=" " ind2=" ">
      <subfield code="c">SIUNPA</subfield>
    </datafield>
    <datafield tag="041" ind1=" " ind2=" ">
      <subfield code="a">spa</subfield>
    </datafield>
    <datafield tag="044" ind1=" " ind2=" ">
      <subfield code="a">AR</subfield>
    </datafield>
    <datafield tag="080" ind1=" " ind2=" ">
      <subfield code="a">821.134.2(82) C758d</subfield>
    </datafield>
    <datafield tag="100" ind1=" " ind2=" ">
      <subfield code="a">Constantini, Humberto.</subfield>
    </datafield>
    <datafield tag="245" ind1=" " ind2=" ">
      <subfield code="a">De dioses, hombrecitos y policías</subfield>
      <subfield code="c"> / Garrido, Lilian, estudio prelim. y biografía del autor</subfield>
    </datafield>
    <datafield tag="250" ind1=" " ind2=" ">
      <subfield code="a">1a ed.</subfield>
    </datafield>
    <datafield tag="260" ind1=" " ind2=" ">
      <subfield code="a">Buenos Aires</subfield>
      <subfield code="b"> : Lea</subfield>
      <subfield code="c"> , 2008</subfield>
    </datafield>
    <datafield tag="440" ind1=" " ind2=" ">
      <subfield code="a">Ediciones prácticas</subfield>
      <subfield code="a">Biblioteca cultural. Colección los fundamentales</subfield>
      <subfield code="a">Colección hombre y cosmos</subfield>
      <subfield code="a">Seix Barral. Biblioteca Breve</subfield>
      <subfield code="a">Colección índice</subfield>
      <subfield code="a">Colección filo y contrafilo</subfield>
      <subfield code="v">7</subfield>
    </datafield>
    <datafield tag="490" ind1=" " ind2=" ">
      <subfield code="a">Ediciones prácticas</subfield>
      <subfield code="a">Biblioteca cultural. Colección los fundamentales</subfield>
      <subfield code="a">Colección hombre y cosmos</subfield>
      <subfield code="a">Seix Barral. Biblioteca Breve</subfield>
      <subfield code="a">Colección índice</subfield>
      <subfield code="a">Colección filo y contrafilo</subfield>
      <subfield code="v">7</subfield>
    </datafield>
    <datafield tag="650" ind1=" " ind2=" ">
      <subfield code="a"> LITERATURA ARGENTINA</subfield>
    </datafield>
    <datafield tag="650" ind1=" " ind2=" ">
      <subfield code="a"> NOVELA</subfield>
    </datafield>
    <datafield tag="942" ind1=" " ind2=" ">
      <subfield code="c">BK</subfield>
    </datafield>
    <datafield tag="952" ind1=" " ind2=" ">
      <subfield code="a">BIB_RECT</subfield>
      <subfield code="b">BIB_UARG</subfield>
      <subfield code="d">2009-09-01</subfield>
      <subfield code="y">BK</subfield>
      <subfield code="p">05-38283</subfield>
      <subfield code="i">05-38283</subfield>
      <subfield code="g">36</subfield>
      <subfield code="o">821.134.2(82) C758d</subfield>
      <subfield code="e">Donación prof. Alicia Atienza/09</subfield>
      <subfield code="8">CG</subfield>
    </datafield>
  </record>