
  <record>
    <leader>01000aam  22002601a 4500</leader>
    <controlfield tag="001">YPZ91834</controlfield>
    <controlfield tag="003">YPZ</controlfield>
    <controlfield tag="005">200909151234020</controlfield>
    <controlfield tag="008">090915|###########||||||b||||||||||spa|d</controlfield>
    <datafield tag="020" ind1=" " ind2=" ">
      <subfield code="a">9789213230282</subfield>
    </datafield>
    <datafield tag="040" ind1=" " ind2=" ">
      <subfield code="c">SIUNPA</subfield>
    </datafield>
    <datafield tag="041" ind1=" " ind2=" ">
      <subfield code="a">spa</subfield>
    </datafield>
    <datafield tag="044" ind1=" " ind2=" ">
      <subfield code="a">CL</subfield>
    </datafield>
    <datafield tag="080" ind1=" " ind2=" ">
      <subfield code="a">316.356.2 F198fam</subfield>
    </datafield>
    <datafield tag="245" ind1=" " ind2=" ">
      <subfield code="a">Familias y políticas públicas en América Latina</subfield>
      <subfield code="b"> : una historia de desencuentros</subfield>
      <subfield code="c"> / Arriagada, Irma, coordinadora</subfield>
    </datafield>
    <datafield tag="250" ind1=" " ind2=" ">
      <subfield code="a">1a ed.</subfield>
    </datafield>
    <datafield tag="260" ind1=" " ind2=" ">
      <subfield code="a">Santiago de Chile</subfield>
      <subfield code="b"> : Comisión Económica para América Latina y El Caribe, CEPAL</subfield>
      <subfield code="c"> , 2007</subfield>
    </datafield>
    <datafield tag="440" ind1=" " ind2=" ">
      <subfield code="a">Libros de la CEPAL</subfield>
      <subfield code="v">96</subfield>
    </datafield>
    <datafield tag="490" ind1=" " ind2=" ">
      <subfield code="a">Libros de la CEPAL</subfield>
      <subfield code="v">96</subfield>
    </datafield>
    <datafield tag="650" ind1=" " ind2=" ">
      <subfield code="a"> FAMILIA  VIDA COTIDIANA</subfield>
    </datafield>
    <datafield tag="650" ind1=" " ind2=" ">
      <subfield code="a"> POLITICA SOCIAL</subfield>
    </datafield>
    <datafield tag="650" ind1=" " ind2=" ">
      <subfield code="a"> CAMBIO SOCIAL </subfield>
    </datafield>
    <datafield tag="650" ind1=" " ind2=" ">
      <subfield code="a"> TRABAJO</subfield>
    </datafield>
    <datafield tag="650" ind1=" " ind2=" ">
      <subfield code="a"> SOCIOLOGIA</subfield>
    </datafield>
    <datafield tag="650" ind1=" " ind2=" ">
      <subfield code="a"> AMERICA LATINA</subfield>
    </datafield>
    <datafield tag="942" ind1=" " ind2=" ">
      <subfield code="c">BK</subfield>
    </datafield>
    <datafield tag="952" ind1=" " ind2=" ">
      <subfield code="a">BIB_RECT</subfield>
      <subfield code="b">BIB_UARG</subfield>
      <subfield code="d">2009-09-01</subfield>
      <subfield code="y">BK</subfield>
      <subfield code="p">05-38298</subfield>
      <subfield code="i">05-38298</subfield>
      <subfield code="g">60</subfield>
      <subfield code="o">316.356.2 F198fam</subfield>
      <subfield code="e">CEPAL/09</subfield>
      <subfield code="8">CG</subfield>
    </datafield>
  </record>