
  <record>
    <leader>01000aam  22002601a 4500</leader>
    <controlfield tag="001">YPZ91835</controlfield>
    <controlfield tag="003">YPZ</controlfield>
    <controlfield tag="005">200909151643490</controlfield>
    <controlfield tag="008">090915|###########||||||b||||||||||spa|d</controlfield>
    <datafield tag="040" ind1=" " ind2=" ">
      <subfield code="c">SIUNPA</subfield>
    </datafield>
    <datafield tag="041" ind1=" " ind2=" ">
      <subfield code="a">spa</subfield>
    </datafield>
    <datafield tag="044" ind1=" " ind2=" ">
      <subfield code="a">AR</subfield>
    </datafield>
    <datafield tag="080" ind1=" " ind2=" ">
      <subfield code="a">82.091 C928c</subfield>
    </datafield>
    <datafield tag="245" ind1=" " ind2=" ">
      <subfield code="a">Criaturas y saberes de lo monstruoso</subfield>
      <subfield code="c"> / Barrancos, Dora, comp. ; Caballero de del Sastre, Elisabeth, comp. ; Domínguez, Nora, comp. ; Gil Lozano, Fernanda, comp. ; Palacios, Jimena, comp. ; Pita, Valeria, comp. ; Rodríguez Cidre, Elsa, comp. ; Schniebs, Alicia, comp. ; Steinberg, María Eugenia, comp.</subfield>
    </datafield>
    <datafield tag="260" ind1=" " ind2=" ">
      <subfield code="a">Buenos Aires</subfield>
      <subfield code="b"> : Facultad de Filosofía y Letras, UBA</subfield>
      <subfield code="c"> , 2008</subfield>
    </datafield>
    <datafield tag="650" ind1=" " ind2=" ">
      <subfield code="a"> SOCIOLOGIA CULTURAL</subfield>
    </datafield>
    <datafield tag="650" ind1=" " ind2=" ">
      <subfield code="a"> PERSONAJES LITERARIOS</subfield>
    </datafield>
    <datafield tag="650" ind1=" " ind2=" ">
      <subfield code="a"> LITERATURA COMPARADA</subfield>
    </datafield>
    <datafield tag="942" ind1=" " ind2=" ">
      <subfield code="c">BK</subfield>
    </datafield>
    <datafield tag="952" ind1=" " ind2=" ">
      <subfield code="a">BIB_RECT</subfield>
      <subfield code="b">BIB_UARG</subfield>
      <subfield code="d">2009-09-15</subfield>
      <subfield code="y">BK</subfield>
      <subfield code="p">05-38301</subfield>
      <subfield code="i">05-38301</subfield>
      <subfield code="g">49</subfield>
      <subfield code="o">82.091 C928c</subfield>
      <subfield code="e">Donación Atienza, Alicia/09</subfield>
      <subfield code="8">CG</subfield>
    </datafield>
    <datafield tag="952" ind1=" " ind2=" ">
      <subfield code="a">BIB_RECT</subfield>
      <subfield code="b">BIB_UARG</subfield>
      <subfield code="d">2011-03-14</subfield>
      <subfield code="y">BK</subfield>
      <subfield code="p">05-40596</subfield>
      <subfield code="i">05-40596</subfield>
      <subfield code="g">49</subfield>
      <subfield code="o">82.091 C928c</subfield>
      <subfield code="e">Donación Atienza, Alicia/10</subfield>
      <subfield code="8">CG</subfield>
    </datafield>
  </record>