
  <record>
    <leader>01000aam  22002601a 4500</leader>
    <controlfield tag="001">YPZ91853</controlfield>
    <controlfield tag="003">YPZ</controlfield>
    <controlfield tag="005">200909170828250</controlfield>
    <controlfield tag="008">090917|###########||||||b||||||||||spa|d</controlfield>
    <datafield tag="020" ind1=" " ind2=" ">
      <subfield code="a">9789872204266</subfield>
    </datafield>
    <datafield tag="040" ind1=" " ind2=" ">
      <subfield code="c">SIUNPA</subfield>
    </datafield>
    <datafield tag="041" ind1=" " ind2=" ">
      <subfield code="a">spa</subfield>
    </datafield>
    <datafield tag="044" ind1=" " ind2=" ">
      <subfield code="a">AR</subfield>
    </datafield>
    <datafield tag="080" ind1=" " ind2=" ">
      <subfield code="a">902 S231e</subfield>
    </datafield>
    <datafield tag="110" ind1=" " ind2=" ">
      <subfield code="a">Santa Cruz. Dirección de Patrimonio Cultural. Subsecretaría de Cultura de Santa Cruz.</subfield>
    </datafield>
    <datafield tag="245" ind1=" " ind2=" ">
      <subfield code="a">Estado actual de las investigaciones realizadas sobre patrimonio cultural en Santa Cruz</subfield>
      <subfield code="c"> / Mirelman, Silvia, idea y realización ; Hammar, Victoria, coordinadora</subfield>
    </datafield>
    <datafield tag="260" ind1=" " ind2=" ">
      <subfield code="a">Río Gallegos</subfield>
      <subfield code="b"> : Subsecretaría de Cultura de la Provincia de Santa Cruz</subfield>
      <subfield code="c"> , 2009</subfield>
    </datafield>
    <datafield tag="650" ind1=" " ind2=" ">
      <subfield code="a"> ARQUEOLOGIA</subfield>
    </datafield>
    <datafield tag="650" ind1=" " ind2=" ">
      <subfield code="a"> CONSERVACION DEL PATRIMONIO</subfield>
    </datafield>
    <datafield tag="650" ind1=" " ind2=" ">
      <subfield code="a"> PATRIMONIO CULTURAL</subfield>
    </datafield>
    <datafield tag="650" ind1=" " ind2=" ">
      <subfield code="a"> SANTA CRUZ (ARGENTINA)</subfield>
    </datafield>
    <datafield tag="942" ind1=" " ind2=" ">
      <subfield code="c">BK</subfield>
    </datafield>
    <datafield tag="952" ind1=" " ind2=" ">
      <subfield code="a">BIB_RECT</subfield>
      <subfield code="b">BIB_UARG</subfield>
      <subfield code="d">2009-09-17</subfield>
      <subfield code="y">BK</subfield>
      <subfield code="p">05-38331</subfield>
      <subfield code="i">05-38331</subfield>
      <subfield code="g">49</subfield>
      <subfield code="o">902 S231e</subfield>
      <subfield code="e">Acuerdo 383/09</subfield>
      <subfield code="8">CG</subfield>
    </datafield>
  </record>