
  <record>
    <leader>01000aam  22002601a 4500</leader>
    <controlfield tag="001">YPZ91860</controlfield>
    <controlfield tag="003">YPZ</controlfield>
    <controlfield tag="005">200909181337300</controlfield>
    <controlfield tag="008">090918|###########||||||b||||||||||spa|d</controlfield>
    <datafield tag="040" ind1=" " ind2=" ">
      <subfield code="c">SIUNPA</subfield>
    </datafield>
    <datafield tag="041" ind1=" " ind2=" ">
      <subfield code="a">spa</subfield>
    </datafield>
    <datafield tag="044" ind1=" " ind2=" ">
      <subfield code="a">AR</subfield>
    </datafield>
    <datafield tag="080" ind1=" " ind2=" ">
      <subfield code="a">94(892) T821p</subfield>
    </datafield>
    <datafield tag="100" ind1=" " ind2=" ">
      <subfield code="a">Trías, Vivian.</subfield>
    </datafield>
    <datafield tag="245" ind1=" " ind2=" ">
      <subfield code="a">El Paraguay</subfield>
      <subfield code="b"> : de Francia el Supremo a la Guerra de la Triple Alianza</subfield>
    </datafield>
    <datafield tag="260" ind1=" " ind2=" ">
      <subfield code="a">Buenos Aires</subfield>
      <subfield code="b"> : Editorial del Noroeste</subfield>
      <subfield code="c"> , 1975</subfield>
    </datafield>
    <datafield tag="440" ind1=" " ind2=" ">
      <subfield code="a">Patrimonio cultural provincia de Santa Cruz</subfield>
      <subfield code="a">Lecturas. Serie historia antigua</subfield>
      <subfield code="a">Colección medios y comunicación. Serie historia del espectáculo</subfield>
      <subfield code="a">Cuadernos de Crisis</subfield>
      <subfield code="v">no. 19</subfield>
    </datafield>
    <datafield tag="490" ind1=" " ind2=" ">
      <subfield code="a">Patrimonio cultural provincia de Santa Cruz</subfield>
      <subfield code="a">Lecturas. Serie historia antigua</subfield>
      <subfield code="a">Colección medios y comunicación. Serie historia del espectáculo</subfield>
      <subfield code="a">Cuadernos de Crisis</subfield>
      <subfield code="v">no. 19</subfield>
    </datafield>
    <datafield tag="650" ind1=" " ind2=" ">
      <subfield code="a"> HISTORIA DE PARAGUAY</subfield>
    </datafield>
    <datafield tag="650" ind1=" " ind2=" ">
      <subfield code="a"> SIGLO XIX</subfield>
    </datafield>
    <datafield tag="942" ind1=" " ind2=" ">
      <subfield code="c">BK</subfield>
    </datafield>
    <datafield tag="952" ind1=" " ind2=" ">
      <subfield code="a">BIB_RECT</subfield>
      <subfield code="b">BIB_UARG</subfield>
      <subfield code="d">2009-09-14</subfield>
      <subfield code="y">BK</subfield>
      <subfield code="p">05-38361</subfield>
      <subfield code="i">05-38361</subfield>
      <subfield code="g">30</subfield>
      <subfield code="o">94(892) T821p</subfield>
      <subfield code="e">Donación Barbería, Elsa</subfield>
      <subfield code="8">CG</subfield>
    </datafield>
  </record>