
  <record>
    <leader>01000aam  22002601a 4500</leader>
    <controlfield tag="001">YPZ91894</controlfield>
    <controlfield tag="003">YPZ</controlfield>
    <controlfield tag="005">200909221626530</controlfield>
    <controlfield tag="008">090922|###########||||||b||||||||||spa|d</controlfield>
    <datafield tag="020" ind1=" " ind2=" ">
      <subfield code="a">8471020181 (o.c.)</subfield>
    </datafield>
    <datafield tag="020" ind1=" " ind2=" ">
      <subfield code="a">8471020190 (v.1)</subfield>
    </datafield>
    <datafield tag="020" ind1=" " ind2=" ">
      <subfield code="a">8471020203 (v.2)</subfield>
    </datafield>
    <datafield tag="020" ind1=" " ind2=" ">
      <subfield code="a">8471020211 (v.3)</subfield>
    </datafield>
    <datafield tag="020" ind1=" " ind2=" ">
      <subfield code="a">847102022X (v.4)</subfield>
    </datafield>
    <datafield tag="020" ind1=" " ind2=" ">
      <subfield code="a">8471020238 (v.5)</subfield>
    </datafield>
    <datafield tag="020" ind1=" " ind2=" ">
      <subfield code="a">8471020246 (v.6)</subfield>
    </datafield>
    <datafield tag="040" ind1=" " ind2=" ">
      <subfield code="c">SIUNPA</subfield>
    </datafield>
    <datafield tag="041" ind1=" " ind2=" ">
      <subfield code="a">spa</subfield>
    </datafield>
    <datafield tag="044" ind1=" " ind2=" ">
      <subfield code="a">ES</subfield>
    </datafield>
    <datafield tag="080" ind1=" " ind2=" ">
      <subfield code="a">94 H673h2</subfield>
    </datafield>
    <datafield tag="245" ind1=" " ind2=" ">
      <subfield code="a">Historia universal Marín</subfield>
      <subfield code="c"> / Marín Correa, Manuel, plan de la obra, disposición de materias y dir. general</subfield>
    </datafield>
    <datafield tag="250" ind1=" " ind2=" ">
      <subfield code="a">2a ed.</subfield>
    </datafield>
    <datafield tag="260" ind1=" " ind2=" ">
      <subfield code="a">Barcelona</subfield>
      <subfield code="b"> : Marín</subfield>
      <subfield code="c"> , 1980</subfield>
    </datafield>
    <datafield tag="505" ind1=" " ind2=" ">
      <subfield code="a">Contenido: v.1. Los tiempos antiguos - v.2. Edad media - v.3. Transición a los tiempos modernos - v.4. Siglos XVII y XVIII - v.5. Siglo XIX - v.6. Siglo XX</subfield>
    </datafield>
    <datafield tag="650" ind1=" " ind2=" ">
      <subfield code="a"> HISTORIA UNIVERSAL</subfield>
    </datafield>
    <datafield tag="942" ind1=" " ind2=" ">
      <subfield code="c">BK</subfield>
    </datafield>
    <datafield tag="952" ind1=" " ind2=" ">
      <subfield code="a">BIB_RECT</subfield>
      <subfield code="b">BIB_UACO</subfield>
      <subfield code="d">2009-09-22</subfield>
      <subfield code="y">BK</subfield>
      <subfield code="p">02-00222</subfield>
      <subfield code="i">02-00222</subfield>
      <subfield code="g">80</subfield>
      <subfield code="o">94 H673h2</subfield>
      <subfield code="e">CESCO</subfield>
      <subfield code="8">CG</subfield>
    </datafield>
    <datafield tag="952" ind1=" " ind2=" ">
      <subfield code="a">BIB_RECT</subfield>
      <subfield code="b">BIB_UACO</subfield>
      <subfield code="d">2009-09-22</subfield>
      <subfield code="y">BK</subfield>
      <subfield code="p">02-00223</subfield>
      <subfield code="i">02-00223</subfield>
      <subfield code="g">80</subfield>
      <subfield code="o">94 H673h2</subfield>
      <subfield code="e">CESCO</subfield>
      <subfield code="8">CG</subfield>
    </datafield>
    <datafield tag="952" ind1=" " ind2=" ">
      <subfield code="a">BIB_RECT</subfield>
      <subfield code="b">BIB_UACO</subfield>
      <subfield code="d">2009-09-22</subfield>
      <subfield code="y">BK</subfield>
      <subfield code="p">02-00224</subfield>
      <subfield code="i">02-00224</subfield>
      <subfield code="g">80</subfield>
      <subfield code="o">94 H673h2</subfield>
      <subfield code="e">CESCO</subfield>
      <subfield code="8">CG</subfield>
    </datafield>
    <datafield tag="952" ind1=" " ind2=" ">
      <subfield code="a">BIB_RECT</subfield>
      <subfield code="b">BIB_UACO</subfield>
      <subfield code="d">2009-09-22</subfield>
      <subfield code="y">BK</subfield>
      <subfield code="p">02-00225</subfield>
      <subfield code="i">02-00225</subfield>
      <subfield code="g">80</subfield>
      <subfield code="o">94 H673h2</subfield>
      <subfield code="e">CESCO</subfield>
      <subfield code="8">CG</subfield>
    </datafield>
    <datafield tag="952" ind1=" " ind2=" ">
      <subfield code="a">BIB_RECT</subfield>
      <subfield code="b">BIB_UACO</subfield>
      <subfield code="d">2009-09-22</subfield>
      <subfield code="y">BK</subfield>
      <subfield code="p">02-00226</subfield>
      <subfield code="i">02-00226</subfield>
      <subfield code="g">80</subfield>
      <subfield code="o">94 H673h2</subfield>
      <subfield code="e">CESCO</subfield>
      <subfield code="8">CG</subfield>
    </datafield>
    <datafield tag="952" ind1=" " ind2=" ">
      <subfield code="a">BIB_RECT</subfield>
      <subfield code="b">BIB_UACO</subfield>
      <subfield code="d">2009-09-22</subfield>
      <subfield code="y">BK</subfield>
      <subfield code="p">02-00308</subfield>
      <subfield code="i">02-00308</subfield>
      <subfield code="g">80</subfield>
      <subfield code="o">94 H673h2</subfield>
      <subfield code="e">CESCO</subfield>
      <subfield code="8">CG</subfield>
    </datafield>
  </record>