
  <record>
    <leader>01000aam  22002601a 4500</leader>
    <controlfield tag="001">YPZ91895</controlfield>
    <controlfield tag="003">YPZ</controlfield>
    <controlfield tag="005">200909221632030</controlfield>
    <controlfield tag="008">090922|###########||||||b||||||||||spa|d</controlfield>
    <datafield tag="020" ind1=" " ind2=" ">
      <subfield code="a">8423310159 (v.1. 2a pte.)</subfield>
    </datafield>
    <datafield tag="020" ind1=" " ind2=" ">
      <subfield code="a">8423310426 (v.2. 1a pte.)</subfield>
    </datafield>
    <datafield tag="020" ind1=" " ind2=" ">
      <subfield code="a">8423310418 (v.2. 2a pte.)</subfield>
    </datafield>
    <datafield tag="020" ind1=" " ind2=" ">
      <subfield code="a">8423310841 (v.3. 1a pte.)</subfield>
    </datafield>
    <datafield tag="020" ind1=" " ind2=" ">
      <subfield code="a">842331085X (v.3. 2a pte.)</subfield>
    </datafield>
    <datafield tag="020" ind1=" " ind2=" ">
      <subfield code="a">8423310744 (v.4. 1a pte.)</subfield>
    </datafield>
    <datafield tag="020" ind1=" " ind2=" ">
      <subfield code="a">8423310612 (v.5. 1a pte.)</subfield>
    </datafield>
    <datafield tag="020" ind1=" " ind2=" ">
      <subfield code="a">8423310604 (v.5. 2a pte.)</subfield>
    </datafield>
    <datafield tag="020" ind1=" " ind2=" ">
      <subfield code="a">8423311473 (v.6. 1a pte.)</subfield>
    </datafield>
    <datafield tag="020" ind1=" " ind2=" ">
      <subfield code="a">8423311481 (v.6. 2a pte.)</subfield>
    </datafield>
    <datafield tag="020" ind1=" " ind2=" ">
      <subfield code="a">8423311880 (v.7. 1a pte.)</subfield>
    </datafield>
    <datafield tag="020" ind1=" " ind2=" ">
      <subfield code="a">8423311899 (v.7. 2a pte.)</subfield>
    </datafield>
    <datafield tag="040" ind1=" " ind2=" ">
      <subfield code="c">SIUNPA</subfield>
    </datafield>
    <datafield tag="041" ind1=" " ind2=" ">
      <subfield code="a">spa</subfield>
    </datafield>
    <datafield tag="044" ind1=" " ind2=" ">
      <subfield code="a">ES</subfield>
    </datafield>
    <datafield tag="080" ind1=" " ind2=" ">
      <subfield code="a">94 H673hi</subfield>
    </datafield>
    <datafield tag="245" ind1=" " ind2=" ">
      <subfield code="a">Historia general de las civilizaciones</subfield>
      <subfield code="c"> / Crouzet, Maurice, dir. ; Ripoll Perelló, Eduardo, versión española</subfield>
    </datafield>
    <datafield tag="250" ind1=" " ind2=" ">
      <subfield code="a">1a ed.</subfield>
    </datafield>
    <datafield tag="260" ind1=" " ind2=" ">
      <subfield code="a">Barcelona</subfield>
      <subfield code="b"> : Destino</subfield>
      <subfield code="c"> , 1980-1982</subfield>
    </datafield>
    <datafield tag="500" ind1=" " ind2=" ">
      <subfield code="a">La biblioteca posee v. 1 (t. 2), 2-3, 4 (t. 1) y 5-7</subfield>
    </datafield>
    <datafield tag="500" ind1=" " ind2=" ">
      <subfield code="a">El año de impresión varía según el ejemplar</subfield>
    </datafield>
    <datafield tag="505" ind1=" " ind2=" ">
      <subfield code="a">Contenido: v.1. Oriente y Grecia Antigua - v.2. Roma y su imperio - v.3. La edad media - v.4. Los siglos XVI y XVII - v.5. El siglo XVIII - v.6. El siglo XIX - v.7. La época contemporánea</subfield>
    </datafield>
    <datafield tag="650" ind1=" " ind2=" ">
      <subfield code="a"> HISTORIA ANTIGUA</subfield>
    </datafield>
    <datafield tag="650" ind1=" " ind2=" ">
      <subfield code="a"> CIVILIZACION OCCIDENTAL</subfield>
    </datafield>
    <datafield tag="650" ind1=" " ind2=" ">
      <subfield code="a"> CIVILIZACION ROMA </subfield>
    </datafield>
    <datafield tag="650" ind1=" " ind2=" ">
      <subfield code="a"> CIVILIZACION ORIENTAL</subfield>
    </datafield>
    <datafield tag="650" ind1=" " ind2=" ">
      <subfield code="a"> HISTORIA UNIVERSAL </subfield>
    </datafield>
    <datafield tag="650" ind1=" " ind2=" ">
      <subfield code="a"> HISTORIA MODERNA</subfield>
    </datafield>
    <datafield tag="650" ind1=" " ind2=" ">
      <subfield code="a"> HISTORIA MEDIEVAL </subfield>
    </datafield>
    <datafield tag="650" ind1=" " ind2=" ">
      <subfield code="a"> HISTORIA CONTEMPORANEA</subfield>
    </datafield>
    <datafield tag="942" ind1=" " ind2=" ">
      <subfield code="c">BK</subfield>
    </datafield>
    <datafield tag="952" ind1=" " ind2=" ">
      <subfield code="a">BIB_RECT</subfield>
      <subfield code="b">BIB_UACO</subfield>
      <subfield code="d">2009-10-07</subfield>
      <subfield code="y">BK</subfield>
      <subfield code="p">02-00249</subfield>
      <subfield code="i">02-00249</subfield>
      <subfield code="g">49</subfield>
      <subfield code="o">94 H673hi</subfield>
      <subfield code="e">CESCO</subfield>
      <subfield code="8">CG</subfield>
    </datafield>
    <datafield tag="952" ind1=" " ind2=" ">
      <subfield code="a">BIB_RECT</subfield>
      <subfield code="b">BIB_UACO</subfield>
      <subfield code="d">2009-09-22</subfield>
      <subfield code="y">BK</subfield>
      <subfield code="p">02-00250</subfield>
      <subfield code="i">02-00250</subfield>
      <subfield code="g">49</subfield>
      <subfield code="o">94 H673hi</subfield>
      <subfield code="e">CESCO</subfield>
      <subfield code="8">CG</subfield>
    </datafield>
    <datafield tag="952" ind1=" " ind2=" ">
      <subfield code="a">BIB_RECT</subfield>
      <subfield code="b">BIB_UACO</subfield>
      <subfield code="d">2009-09-22</subfield>
      <subfield code="y">BK</subfield>
      <subfield code="p">02-00251</subfield>
      <subfield code="i">02-00251</subfield>
      <subfield code="g">49</subfield>
      <subfield code="o">94 H673hi</subfield>
      <subfield code="e">CESCO</subfield>
      <subfield code="8">CG</subfield>
    </datafield>
    <datafield tag="952" ind1=" " ind2=" ">
      <subfield code="a">BIB_RECT</subfield>
      <subfield code="b">BIB_UACO</subfield>
      <subfield code="d">2009-09-22</subfield>
      <subfield code="y">BK</subfield>
      <subfield code="p">02-00252</subfield>
      <subfield code="i">02-00252</subfield>
      <subfield code="g">49</subfield>
      <subfield code="o">94 H673hi</subfield>
      <subfield code="e">CESCO</subfield>
      <subfield code="8">CG</subfield>
    </datafield>
    <datafield tag="952" ind1=" " ind2=" ">
      <subfield code="a">BIB_RECT</subfield>
      <subfield code="b">BIB_UACO</subfield>
      <subfield code="d">2009-09-22</subfield>
      <subfield code="y">BK</subfield>
      <subfield code="p">02-00253</subfield>
      <subfield code="i">02-00253</subfield>
      <subfield code="g">49</subfield>
      <subfield code="o">94 H673hi</subfield>
      <subfield code="e">CESCO</subfield>
      <subfield code="8">CG</subfield>
    </datafield>
    <datafield tag="952" ind1=" " ind2=" ">
      <subfield code="a">BIB_RECT</subfield>
      <subfield code="b">BIB_UACO</subfield>
      <subfield code="d">2009-09-22</subfield>
      <subfield code="y">BK</subfield>
      <subfield code="p">02-00254</subfield>
      <subfield code="i">02-00254</subfield>
      <subfield code="g">49</subfield>
      <subfield code="o">94 H673hi</subfield>
      <subfield code="e">CESCO</subfield>
      <subfield code="8">CG</subfield>
    </datafield>
    <datafield tag="952" ind1=" " ind2=" ">
      <subfield code="a">BIB_RECT</subfield>
      <subfield code="b">BIB_UACO</subfield>
      <subfield code="d">2009-10-07</subfield>
      <subfield code="y">BK</subfield>
      <subfield code="p">02-00255</subfield>
      <subfield code="i">02-00255</subfield>
      <subfield code="g">49</subfield>
      <subfield code="o">94 H673hi</subfield>
      <subfield code="e">CESCO</subfield>
      <subfield code="8">CG</subfield>
    </datafield>
    <datafield tag="952" ind1=" " ind2=" ">
      <subfield code="a">BIB_RECT</subfield>
      <subfield code="b">BIB_UACO</subfield>
      <subfield code="d">2009-10-07</subfield>
      <subfield code="y">BK</subfield>
      <subfield code="p">02-00256</subfield>
      <subfield code="i">02-00256</subfield>
      <subfield code="g">49</subfield>
      <subfield code="o">94 H673hi</subfield>
      <subfield code="e">CESCO</subfield>
      <subfield code="8">CG</subfield>
    </datafield>
    <datafield tag="952" ind1=" " ind2=" ">
      <subfield code="a">BIB_RECT</subfield>
      <subfield code="b">BIB_UACO</subfield>
      <subfield code="d">2009-09-22</subfield>
      <subfield code="y">BK</subfield>
      <subfield code="p">02-00257</subfield>
      <subfield code="i">02-00257</subfield>
      <subfield code="g">49</subfield>
      <subfield code="o">94 H673hi</subfield>
      <subfield code="e">CESCO</subfield>
      <subfield code="8">CG</subfield>
    </datafield>
    <datafield tag="952" ind1=" " ind2=" ">
      <subfield code="a">BIB_RECT</subfield>
      <subfield code="b">BIB_UACO</subfield>
      <subfield code="d">2009-09-22</subfield>
      <subfield code="y">BK</subfield>
      <subfield code="p">02-00258</subfield>
      <subfield code="i">02-00258</subfield>
      <subfield code="g">49</subfield>
      <subfield code="o">94 H673hi</subfield>
      <subfield code="e">CESCO</subfield>
      <subfield code="8">CG</subfield>
    </datafield>
    <datafield tag="952" ind1=" " ind2=" ">
      <subfield code="a">BIB_RECT</subfield>
      <subfield code="b">BIB_UACO</subfield>
      <subfield code="d">2009-09-22</subfield>
      <subfield code="y">BK</subfield>
      <subfield code="p">02-00259</subfield>
      <subfield code="i">02-00259</subfield>
      <subfield code="g">49</subfield>
      <subfield code="o">94 H673hi</subfield>
      <subfield code="e">CESCO</subfield>
      <subfield code="8">CG</subfield>
    </datafield>
    <datafield tag="952" ind1=" " ind2=" ">
      <subfield code="a">BIB_RECT</subfield>
      <subfield code="b">BIB_UACO</subfield>
      <subfield code="d">2009-09-22</subfield>
      <subfield code="y">BK</subfield>
      <subfield code="p">02-00297</subfield>
      <subfield code="i">02-00297</subfield>
      <subfield code="g">49</subfield>
      <subfield code="o">94 H673hi</subfield>
      <subfield code="e">CESCO</subfield>
      <subfield code="8">CG</subfield>
    </datafield>
  </record>