
  <record>
    <leader>01000aam  22002601a 4500</leader>
    <controlfield tag="001">YPZ91896</controlfield>
    <controlfield tag="003">YPZ</controlfield>
    <controlfield tag="005">200909231238370</controlfield>
    <controlfield tag="008">090923|###########||||||b||||||||||spa|d</controlfield>
    <datafield tag="040" ind1=" " ind2=" ">
      <subfield code="c">SIUNPA</subfield>
    </datafield>
    <datafield tag="041" ind1=" " ind2=" ">
      <subfield code="a">spa</subfield>
    </datafield>
    <datafield tag="044" ind1=" " ind2=" ">
      <subfield code="a">AR</subfield>
    </datafield>
    <datafield tag="080" ind1=" " ind2=" ">
      <subfield code="a">930.1 T756e</subfield>
    </datafield>
    <datafield tag="100" ind1=" " ind2=" ">
      <subfield code="a">Toynbee, Arnold J..</subfield>
    </datafield>
    <datafield tag="245" ind1=" " ind2=" ">
      <subfield code="a">Estudio de la historia</subfield>
      <subfield code="c"> / Perriaux, Jaime, tr. ; Fatone, Vicente, tr., ed. con notas al cuidado de ; Bengolea, María Raquel, tr. ; Bixio, Luis Alberto, tr.</subfield>
    </datafield>
    <datafield tag="250" ind1=" " ind2=" ">
      <subfield code="a">1a ed.</subfield>
    </datafield>
    <datafield tag="260" ind1=" " ind2=" ">
      <subfield code="a">Buenos Aires</subfield>
      <subfield code="b"> : Emecé</subfield>
      <subfield code="c"> , 1951-1966</subfield>
    </datafield>
    <datafield tag="500" ind1=" " ind2=" ">
      <subfield code="a">El año de reimpresión varía según el ejemplar</subfield>
    </datafield>
    <datafield tag="500" ind1=" " ind2=" ">
      <subfield code="a">La biblioteca posee: v.1-13 y 14 (2ª y 3ª parte)</subfield>
    </datafield>
    <datafield tag="500" ind1=" " ind2=" ">
      <subfield code="a">La biblioteca de la UARG posee: v.1-10 (2ª y 3ª parte)</subfield>
    </datafield>
    <datafield tag="505" ind1=" " ind2=" ">
      <subfield code="a">Contenido: v.1. Introducción. Las génesis de las civilizaciones -- v.2. Las génesis de las civilizaciones (cont.) -- v.3. El crecimiento de las civilizaciones -- v.4. El colapso de las civilizaciones -- v.5. La desintegración de las civilizaciones -- v.6. La desintegración de las civilizaciones -- v.7. Estados universales -- v.8. Iglesias universales. Edades heróicas -- v.9. Contactos entre civilizaciones en el espacio -- v.10. Contactos entre civilizaciones en el tiempo -- v.11. Ley y libertad en la historia -- v.12. Las perspectivas de la civilización occidental -- v.13. La inspiración de los historiadores -- v.14. Reconsideraciones</subfield>
    </datafield>
    <datafield tag="650" ind1=" " ind2=" ">
      <subfield code="a"> HISTORIOGRAFIA</subfield>
    </datafield>
    <datafield tag="650" ind1=" " ind2=" ">
      <subfield code="a"> HISTORIA DE LA CIVILIZACION</subfield>
    </datafield>
    <datafield tag="650" ind1=" " ind2=" ">
      <subfield code="a"> HISTORIA DE LA RELIGION</subfield>
    </datafield>
    <datafield tag="650" ind1=" " ind2=" ">
      <subfield code="a"> HISTORIA UNIVERSAL</subfield>
    </datafield>
    <datafield tag="942" ind1=" " ind2=" ">
      <subfield code="c">BK</subfield>
    </datafield>
    <datafield tag="952" ind1=" " ind2=" ">
      <subfield code="a">BIB_RECT</subfield>
      <subfield code="b">BIB_UACO</subfield>
      <subfield code="d">2009-09-23</subfield>
      <subfield code="y">BK</subfield>
      <subfield code="p">02-00227</subfield>
      <subfield code="i">02-00227</subfield>
      <subfield code="g">75</subfield>
      <subfield code="o">930.1 T756e</subfield>
      <subfield code="e">Donación Prof. Mallén, Beatriz</subfield>
      <subfield code="8">CG</subfield>
    </datafield>
    <datafield tag="952" ind1=" " ind2=" ">
      <subfield code="a">BIB_RECT</subfield>
      <subfield code="b">BIB_UACO</subfield>
      <subfield code="d">2009-09-23</subfield>
      <subfield code="y">BK</subfield>
      <subfield code="p">02-00228</subfield>
      <subfield code="i">02-00228</subfield>
      <subfield code="g">75</subfield>
      <subfield code="o">930.1 T756e</subfield>
      <subfield code="e">Donación Prof. Mallén, Beatriz</subfield>
      <subfield code="8">CG</subfield>
    </datafield>
    <datafield tag="952" ind1=" " ind2=" ">
      <subfield code="a">BIB_RECT</subfield>
      <subfield code="b">BIB_UACO</subfield>
      <subfield code="d">2009-09-23</subfield>
      <subfield code="y">BK</subfield>
      <subfield code="p">02-00229</subfield>
      <subfield code="i">02-00229</subfield>
      <subfield code="g">75</subfield>
      <subfield code="o">930.1 T756e</subfield>
      <subfield code="e">Donación Prof. Mallén, Beatriz</subfield>
      <subfield code="8">CG</subfield>
    </datafield>
    <datafield tag="952" ind1=" " ind2=" ">
      <subfield code="a">BIB_RECT</subfield>
      <subfield code="b">BIB_UACO</subfield>
      <subfield code="d">2009-09-23</subfield>
      <subfield code="y">BK</subfield>
      <subfield code="p">02-00230</subfield>
      <subfield code="i">02-00230</subfield>
      <subfield code="g">75</subfield>
      <subfield code="o">930.1 T756e</subfield>
      <subfield code="e">Donación Prof. Mallén, Beatriz</subfield>
      <subfield code="8">CG</subfield>
    </datafield>
    <datafield tag="952" ind1=" " ind2=" ">
      <subfield code="a">BIB_RECT</subfield>
      <subfield code="b">BIB_UACO</subfield>
      <subfield code="d">2009-09-23</subfield>
      <subfield code="y">BK</subfield>
      <subfield code="p">02-00231</subfield>
      <subfield code="i">02-00231</subfield>
      <subfield code="g">75</subfield>
      <subfield code="o">930.1 T756e</subfield>
      <subfield code="e">Donación Prof. Mallén, Beatriz</subfield>
      <subfield code="8">CG</subfield>
    </datafield>
    <datafield tag="952" ind1=" " ind2=" ">
      <subfield code="a">BIB_RECT</subfield>
      <subfield code="b">BIB_UACO</subfield>
      <subfield code="d">2009-09-23</subfield>
      <subfield code="y">BK</subfield>
      <subfield code="p">02-00232</subfield>
      <subfield code="i">02-00232</subfield>
      <subfield code="g">75</subfield>
      <subfield code="o">930.1 T756e</subfield>
      <subfield code="e">Donación Prof. Mallén, Beatriz</subfield>
      <subfield code="8">CG</subfield>
    </datafield>
    <datafield tag="952" ind1=" " ind2=" ">
      <subfield code="a">BIB_RECT</subfield>
      <subfield code="b">BIB_UACO</subfield>
      <subfield code="d">2009-09-23</subfield>
      <subfield code="y">BK</subfield>
      <subfield code="p">02-00233</subfield>
      <subfield code="i">02-00233</subfield>
      <subfield code="g">75</subfield>
      <subfield code="o">930.1 T756e</subfield>
      <subfield code="e">Donación Prof. Mallén, Beatriz</subfield>
      <subfield code="8">CG</subfield>
    </datafield>
    <datafield tag="952" ind1=" " ind2=" ">
      <subfield code="a">BIB_RECT</subfield>
      <subfield code="b">BIB_UACO</subfield>
      <subfield code="d">2009-09-23</subfield>
      <subfield code="y">BK</subfield>
      <subfield code="p">02-00234</subfield>
      <subfield code="i">02-00234</subfield>
      <subfield code="g">75</subfield>
      <subfield code="o">930.1 T756e</subfield>
      <subfield code="e">Donación Prof. Mallén, Beatriz</subfield>
      <subfield code="8">CG</subfield>
    </datafield>
    <datafield tag="952" ind1=" " ind2=" ">
      <subfield code="a">BIB_RECT</subfield>
      <subfield code="b">BIB_UACO</subfield>
      <subfield code="d">2009-09-23</subfield>
      <subfield code="y">BK</subfield>
      <subfield code="p">02-00235</subfield>
      <subfield code="i">02-00235</subfield>
      <subfield code="g">75</subfield>
      <subfield code="o">930.1 T756e</subfield>
      <subfield code="e">Donación Prof. Mallén, Beatriz</subfield>
      <subfield code="8">CG</subfield>
    </datafield>
    <datafield tag="952" ind1=" " ind2=" ">
      <subfield code="a">BIB_RECT</subfield>
      <subfield code="b">BIB_UACO</subfield>
      <subfield code="d">2009-09-23</subfield>
      <subfield code="y">BK</subfield>
      <subfield code="p">02-00236</subfield>
      <subfield code="i">02-00236</subfield>
      <subfield code="g">75</subfield>
      <subfield code="o">930.1 T756e</subfield>
      <subfield code="e">Donación Prof. Mallén, Beatriz</subfield>
      <subfield code="8">CG</subfield>
    </datafield>
    <datafield tag="952" ind1=" " ind2=" ">
      <subfield code="a">BIB_RECT</subfield>
      <subfield code="b">BIB_UACO</subfield>
      <subfield code="d">2009-09-23</subfield>
      <subfield code="y">BK</subfield>
      <subfield code="p">02-00237</subfield>
      <subfield code="i">02-00237</subfield>
      <subfield code="g">75</subfield>
      <subfield code="o">930.1 T756e</subfield>
      <subfield code="e">Donación Prof. Mallén, Beatriz</subfield>
      <subfield code="8">CG</subfield>
    </datafield>
    <datafield tag="952" ind1=" " ind2=" ">
      <subfield code="a">BIB_RECT</subfield>
      <subfield code="b">BIB_UACO</subfield>
      <subfield code="d">2009-09-23</subfield>
      <subfield code="y">BK</subfield>
      <subfield code="p">02-00238</subfield>
      <subfield code="i">02-00238</subfield>
      <subfield code="g">75</subfield>
      <subfield code="o">930.1 T756e</subfield>
      <subfield code="e">Donación Prof. Mallén, Beatriz</subfield>
      <subfield code="8">CG</subfield>
    </datafield>
    <datafield tag="952" ind1=" " ind2=" ">
      <subfield code="a">BIB_RECT</subfield>
      <subfield code="b">BIB_UACO</subfield>
      <subfield code="d">2009-09-23</subfield>
      <subfield code="y">BK</subfield>
      <subfield code="p">02-00239</subfield>
      <subfield code="i">02-00239</subfield>
      <subfield code="g">75</subfield>
      <subfield code="o">930.1 T756e</subfield>
      <subfield code="e">Donación Prof. Mallén, Beatriz</subfield>
      <subfield code="8">CG</subfield>
    </datafield>
    <datafield tag="952" ind1=" " ind2=" ">
      <subfield code="a">BIB_RECT</subfield>
      <subfield code="b">BIB_UACO</subfield>
      <subfield code="d">2009-09-23</subfield>
      <subfield code="y">BK</subfield>
      <subfield code="p">02-00240</subfield>
      <subfield code="i">02-00240</subfield>
      <subfield code="g">75</subfield>
      <subfield code="o">930.1 T756e</subfield>
      <subfield code="e">Donación Prof. Mallén, Beatriz</subfield>
      <subfield code="8">CG</subfield>
    </datafield>
    <datafield tag="952" ind1=" " ind2=" ">
      <subfield code="a">BIB_RECT</subfield>
      <subfield code="b">BIB_UACO</subfield>
      <subfield code="d">2009-09-23</subfield>
      <subfield code="y">BK</subfield>
      <subfield code="p">02-00241</subfield>
      <subfield code="i">02-00241</subfield>
      <subfield code="g">75</subfield>
      <subfield code="o">930.1 T756e</subfield>
      <subfield code="e">Donación Prof. Mallén, Beatriz</subfield>
      <subfield code="8">CG</subfield>
    </datafield>
    <datafield tag="952" ind1=" " ind2=" ">
      <subfield code="a">BIB_RECT</subfield>
      <subfield code="b">BIB_UACO</subfield>
      <subfield code="d">2009-09-23</subfield>
      <subfield code="y">BK</subfield>
      <subfield code="p">02-00242</subfield>
      <subfield code="i">02-00242</subfield>
      <subfield code="g">75</subfield>
      <subfield code="o">930.1 T756e</subfield>
      <subfield code="e">Donación Prof. Mallén, Beatriz</subfield>
      <subfield code="8">CG</subfield>
    </datafield>
    <datafield tag="952" ind1=" " ind2=" ">
      <subfield code="a">BIB_RECT</subfield>
      <subfield code="b">BIB_UACO</subfield>
      <subfield code="d">2009-09-23</subfield>
      <subfield code="y">BK</subfield>
      <subfield code="p">02-00243</subfield>
      <subfield code="i">02-00243</subfield>
      <subfield code="g">75</subfield>
      <subfield code="o">930.1 T756e</subfield>
      <subfield code="e">Donación Prof. Mallén, Beatriz</subfield>
      <subfield code="8">CG</subfield>
    </datafield>
    <datafield tag="952" ind1=" " ind2=" ">
      <subfield code="a">BIB_RECT</subfield>
      <subfield code="b">BIB_UACO</subfield>
      <subfield code="d">2009-09-23</subfield>
      <subfield code="y">BK</subfield>
      <subfield code="p">02-00244</subfield>
      <subfield code="i">02-00244</subfield>
      <subfield code="g">75</subfield>
      <subfield code="o">930.1 T756e</subfield>
      <subfield code="e">Donación Prof. Mallén, Beatriz</subfield>
      <subfield code="8">CG</subfield>
    </datafield>
    <datafield tag="952" ind1=" " ind2=" ">
      <subfield code="a">BIB_RECT</subfield>
      <subfield code="b">BIB_UACO</subfield>
      <subfield code="d">2009-09-23</subfield>
      <subfield code="y">BK</subfield>
      <subfield code="p">02-00245</subfield>
      <subfield code="i">02-00245</subfield>
      <subfield code="g">75</subfield>
      <subfield code="o">930.1 T756e</subfield>
      <subfield code="e">Donación Prof. Mallén, Beatriz</subfield>
      <subfield code="8">CG</subfield>
    </datafield>
    <datafield tag="952" ind1=" " ind2=" ">
      <subfield code="a">BIB_RECT</subfield>
      <subfield code="b">BIB_UACO</subfield>
      <subfield code="d">2009-09-23</subfield>
      <subfield code="y">BK</subfield>
      <subfield code="p">02-00246</subfield>
      <subfield code="i">02-00246</subfield>
      <subfield code="g">75</subfield>
      <subfield code="o">930.1 T756e</subfield>
      <subfield code="e">Donación Prof. Mallén, Beatriz</subfield>
      <subfield code="8">CG</subfield>
    </datafield>
    <datafield tag="952" ind1=" " ind2=" ">
      <subfield code="a">BIB_RECT</subfield>
      <subfield code="b">BIB_UARG</subfield>
      <subfield code="d">2009-11-11</subfield>
      <subfield code="y">BK</subfield>
      <subfield code="p">05-01349</subfield>
      <subfield code="i">05-01349</subfield>
      <subfield code="g">75</subfield>
      <subfield code="o">930.1 T756e</subfield>
      <subfield code="e">Descionocido</subfield>
      <subfield code="8">CG</subfield>
    </datafield>
    <datafield tag="952" ind1=" " ind2=" ">
      <subfield code="a">BIB_RECT</subfield>
      <subfield code="b">BIB_UARG</subfield>
      <subfield code="d">2009-11-11</subfield>
      <subfield code="y">BK</subfield>
      <subfield code="p">05-01350</subfield>
      <subfield code="i">05-01350</subfield>
      <subfield code="g">75</subfield>
      <subfield code="o">930.1 T756e</subfield>
      <subfield code="e">Desconocido</subfield>
      <subfield code="8">CG</subfield>
    </datafield>
    <datafield tag="952" ind1=" " ind2=" ">
      <subfield code="a">BIB_RECT</subfield>
      <subfield code="b">BIB_UARG</subfield>
      <subfield code="d">2009-11-11</subfield>
      <subfield code="y">BK</subfield>
      <subfield code="p">05-01351</subfield>
      <subfield code="i">05-01351</subfield>
      <subfield code="g">75</subfield>
      <subfield code="o">930.1 T756e</subfield>
      <subfield code="e">Desconocido</subfield>
      <subfield code="8">CG</subfield>
    </datafield>
    <datafield tag="952" ind1=" " ind2=" ">
      <subfield code="a">BIB_RECT</subfield>
      <subfield code="b">BIB_UARG</subfield>
      <subfield code="d">2009-11-11</subfield>
      <subfield code="y">BK</subfield>
      <subfield code="p">05-01352</subfield>
      <subfield code="i">05-01352</subfield>
      <subfield code="g">75</subfield>
      <subfield code="o">930.1 T756e</subfield>
      <subfield code="e">Desconocido</subfield>
      <subfield code="8">CG</subfield>
    </datafield>
    <datafield tag="952" ind1=" " ind2=" ">
      <subfield code="a">BIB_RECT</subfield>
      <subfield code="b">BIB_UARG</subfield>
      <subfield code="d">2009-11-11</subfield>
      <subfield code="y">BK</subfield>
      <subfield code="p">05-01353</subfield>
      <subfield code="i">05-01353</subfield>
      <subfield code="g">75</subfield>
      <subfield code="o">930.1 T756e</subfield>
      <subfield code="e">Desconocido</subfield>
      <subfield code="8">CG</subfield>
    </datafield>
    <datafield tag="952" ind1=" " ind2=" ">
      <subfield code="a">BIB_RECT</subfield>
      <subfield code="b">BIB_UARG</subfield>
      <subfield code="d">2009-11-11</subfield>
      <subfield code="y">BK</subfield>
      <subfield code="p">05-01354</subfield>
      <subfield code="i">05-01354</subfield>
      <subfield code="g">75</subfield>
      <subfield code="o">930.1 T756e</subfield>
      <subfield code="e">Desconocido</subfield>
      <subfield code="8">CG</subfield>
    </datafield>
    <datafield tag="952" ind1=" " ind2=" ">
      <subfield code="a">BIB_RECT</subfield>
      <subfield code="b">BIB_UARG</subfield>
      <subfield code="d">2009-11-11</subfield>
      <subfield code="y">BK</subfield>
      <subfield code="p">05-01355</subfield>
      <subfield code="i">05-01355</subfield>
      <subfield code="g">75</subfield>
      <subfield code="o">930.1 T756e</subfield>
      <subfield code="e">Desconocido</subfield>
      <subfield code="8">CG</subfield>
    </datafield>
    <datafield tag="952" ind1=" " ind2=" ">
      <subfield code="a">BIB_RECT</subfield>
      <subfield code="b">BIB_UARG</subfield>
      <subfield code="d">2009-11-11</subfield>
      <subfield code="y">BK</subfield>
      <subfield code="p">05-01356</subfield>
      <subfield code="i">05-01356</subfield>
      <subfield code="g">75</subfield>
      <subfield code="o">930.1 T756e</subfield>
      <subfield code="e">Desconocido</subfield>
      <subfield code="8">CG</subfield>
    </datafield>
    <datafield tag="952" ind1=" " ind2=" ">
      <subfield code="a">BIB_RECT</subfield>
      <subfield code="b">BIB_UARG</subfield>
      <subfield code="d">2009-11-11</subfield>
      <subfield code="y">BK</subfield>
      <subfield code="p">05-01357</subfield>
      <subfield code="i">05-01357</subfield>
      <subfield code="g">75</subfield>
      <subfield code="o">930.1 T756e</subfield>
      <subfield code="e">Desconocido</subfield>
      <subfield code="8">CG</subfield>
    </datafield>
    <datafield tag="952" ind1=" " ind2=" ">
      <subfield code="a">BIB_RECT</subfield>
      <subfield code="b">BIB_UARG</subfield>
      <subfield code="d">2009-11-11</subfield>
      <subfield code="y">BK</subfield>
      <subfield code="p">05-01358</subfield>
      <subfield code="i">05-01358</subfield>
      <subfield code="g">75</subfield>
      <subfield code="o">930.1 T756e</subfield>
      <subfield code="e">Desconocido</subfield>
      <subfield code="8">CG</subfield>
    </datafield>
    <datafield tag="952" ind1=" " ind2=" ">
      <subfield code="a">BIB_RECT</subfield>
      <subfield code="b">BIB_UARG</subfield>
      <subfield code="d">2009-11-11</subfield>
      <subfield code="y">BK</subfield>
      <subfield code="p">05-01359</subfield>
      <subfield code="i">05-01359</subfield>
      <subfield code="g">75</subfield>
      <subfield code="o">930.1 T756e</subfield>
      <subfield code="e">Desconocido</subfield>
      <subfield code="8">CG</subfield>
    </datafield>
    <datafield tag="952" ind1=" " ind2=" ">
      <subfield code="a">BIB_RECT</subfield>
      <subfield code="b">BIB_UARG</subfield>
      <subfield code="d">2009-11-11</subfield>
      <subfield code="y">BK</subfield>
      <subfield code="p">05-01360</subfield>
      <subfield code="i">05-01360</subfield>
      <subfield code="g">75</subfield>
      <subfield code="o">930.1 T756e</subfield>
      <subfield code="e">Desconocido</subfield>
      <subfield code="8">CG</subfield>
    </datafield>
    <datafield tag="952" ind1=" " ind2=" ">
      <subfield code="a">BIB_RECT</subfield>
      <subfield code="b">BIB_UARG</subfield>
      <subfield code="d">2009-11-11</subfield>
      <subfield code="y">BK</subfield>
      <subfield code="p">05-01361</subfield>
      <subfield code="i">05-01361</subfield>
      <subfield code="g">75</subfield>
      <subfield code="o">930.1 T756e</subfield>
      <subfield code="e">Desconocido</subfield>
      <subfield code="8">CG</subfield>
    </datafield>
    <datafield tag="952" ind1=" " ind2=" ">
      <subfield code="a">BIB_RECT</subfield>
      <subfield code="b">BIB_UARG</subfield>
      <subfield code="d">2009-11-11</subfield>
      <subfield code="y">BK</subfield>
      <subfield code="p">05-01362</subfield>
      <subfield code="i">05-01362</subfield>
      <subfield code="g">75</subfield>
      <subfield code="o">930.1 T756e</subfield>
      <subfield code="e">Desconocido</subfield>
      <subfield code="8">CG</subfield>
    </datafield>
    <datafield tag="952" ind1=" " ind2=" ">
      <subfield code="a">BIB_RECT</subfield>
      <subfield code="b">BIB_UARG</subfield>
      <subfield code="d">2009-11-11</subfield>
      <subfield code="y">BK</subfield>
      <subfield code="p">05-01363</subfield>
      <subfield code="i">05-01363</subfield>
      <subfield code="g">75</subfield>
      <subfield code="o">930.1 T756e</subfield>
      <subfield code="e">Desconocido</subfield>
      <subfield code="8">CG</subfield>
    </datafield>
  </record>