
  <record>
    <leader>01000aam  22002601a 4500</leader>
    <controlfield tag="001">YPZ91897</controlfield>
    <controlfield tag="003">YPZ</controlfield>
    <controlfield tag="005">200909231412070</controlfield>
    <controlfield tag="008">090923|###########||||||b||||||||||spa|d</controlfield>
    <datafield tag="020" ind1=" " ind2=" ">
      <subfield code="a">8422407396</subfield>
    </datafield>
    <datafield tag="040" ind1=" " ind2=" ">
      <subfield code="c">SIUNPA</subfield>
    </datafield>
    <datafield tag="041" ind1=" " ind2=" ">
      <subfield code="a">spa</subfield>
    </datafield>
    <datafield tag="044" ind1=" " ind2=" ">
      <subfield code="a">ES</subfield>
    </datafield>
    <datafield tag="080" ind1=" " ind2=" ">
      <subfield code="a">616.361 H586e3</subfield>
    </datafield>
    <datafield tag="100" ind1=" " ind2=" ">
      <subfield code="a">Hess, Walter.</subfield>
    </datafield>
    <datafield tag="245" ind1=" " ind2=" ">
      <subfield code="a">Enfermedades de las vías biliares y del páncreas</subfield>
      <subfield code="b"> : diagnóstico, clínica y terapéutica quirúrgica</subfield>
      <subfield code="c"> / Classen, M., con la colaboración de ; Magaldi, P., con la colaboración de ; Wurbs, M., con la colaboración de ; Schaumburg, Ingrid, acuarelas de las operaciones por</subfield>
    </datafield>
    <datafield tag="250" ind1=" " ind2=" ">
      <subfield code="a">3a. ed. española totalmente rev. y puesta al día</subfield>
    </datafield>
    <datafield tag="260" ind1=" " ind2=" ">
      <subfield code="a">Barcelona</subfield>
      <subfield code="b"> : Científico Médica</subfield>
      <subfield code="c"> , 1980</subfield>
    </datafield>
    <datafield tag="500" ind1=" " ind2=" ">
      <subfield code="a">Con 400 ilustraciones, 845 figuras y 49 tablas</subfield>
    </datafield>
    <datafield tag="650" ind1=" " ind2=" ">
      <subfield code="a"> ENFERMEDADES  PANCREAS</subfield>
    </datafield>
    <datafield tag="650" ind1=" " ind2=" ">
      <subfield code="a"> CONDUCTOS BILIARES</subfield>
    </datafield>
    <datafield tag="942" ind1=" " ind2=" ">
      <subfield code="c">BK</subfield>
    </datafield>
    <datafield tag="952" ind1=" " ind2=" ">
      <subfield code="a">BIB_RECT</subfield>
      <subfield code="b">BIB_UARG</subfield>
      <subfield code="d">2009-09-23</subfield>
      <subfield code="y">BK</subfield>
      <subfield code="p">05-16616</subfield>
      <subfield code="i">05-16616</subfield>
      <subfield code="g">98</subfield>
      <subfield code="o">616.361 H586e3</subfield>
      <subfield code="e">Donación prof. CeciliaRe/01</subfield>
      <subfield code="8">CG</subfield>
    </datafield>
  </record>