
  <record>
    <leader>01000aam  22002601a 4500</leader>
    <controlfield tag="001">YPZ91920</controlfield>
    <controlfield tag="003">YPZ</controlfield>
    <controlfield tag="005">200909281336120</controlfield>
    <controlfield tag="008">090928|###########||||||b||||||||||spa|d</controlfield>
    <datafield tag="020" ind1=" " ind2=" ">
      <subfield code="a">844942299X</subfield>
    </datafield>
    <datafield tag="040" ind1=" " ind2=" ">
      <subfield code="c">SIUNPA</subfield>
    </datafield>
    <datafield tag="041" ind1=" " ind2=" ">
      <subfield code="a">spa</subfield>
    </datafield>
    <datafield tag="044" ind1=" " ind2=" ">
      <subfield code="a">ES</subfield>
    </datafield>
    <datafield tag="080" ind1=" " ind2=" ">
      <subfield code="a">65.012.4 E561e</subfield>
    </datafield>
    <datafield tag="245" ind1=" " ind2=" ">
      <subfield code="a">Enciclopedia del empresario</subfield>
      <subfield code="c"> / Lindegaard, Eugenia, pról. y rev. de la presente ed.</subfield>
    </datafield>
    <datafield tag="260" ind1=" " ind2=" ">
      <subfield code="a">Barcelona</subfield>
      <subfield code="b"> : Océano</subfield>
      <subfield code="b"> : Centrum</subfield>
      <subfield code="c"> , 2002</subfield>
    </datafield>
    <datafield tag="300" ind1=" " ind2=" ">
      <subfield code="a">318 p. : </subfield>
      <subfield code="a">223 p. : </subfield>
      <subfield code="a">234 p. : </subfield>
      <subfield code="a">54 p. : </subfield>
      <subfield code="a">207 p. : </subfield>
      <subfield code="a">343 p. : </subfield>
      <subfield code="b">il. ; </subfield>
      <subfield code="a">84 p. : </subfield>
      <subfield code="a">v, 166 p. : </subfield>
      <subfield code="a">71 p. : </subfield>
      <subfield code="b">il. ; </subfield>
      <subfield code="a">2 v. : </subfield>
      <subfield code="a">268 p. : </subfield>
      <subfield code="b">il. ; </subfield>
      <subfield code="a">416 p. : </subfield>
      <subfield code="b">il. ; </subfield>
      <subfield code="a">258 p. : </subfield>
      <subfield code="b">il. ; </subfield>
      <subfield code="a">150 p. : </subfield>
      <subfield code="b">il. ; </subfield>
      <subfield code="a">104 p. : </subfield>
      <subfield code="b">il. ; </subfield>
      <subfield code="a">286 p. : </subfield>
      <subfield code="a">88 p. : </subfield>
      <subfield code="b">il. ; </subfield>
      <subfield code="a">391 p. : </subfield>
      <subfield code="a">275 p. : </subfield>
      <subfield code="a">xxi, 261 p. : </subfield>
      <subfield code="b">il. ; </subfield>
      <subfield code="a">119 p. : </subfield>
      <subfield code="b">il. ; </subfield>
      <subfield code="a">286 p. : </subfield>
      <subfield code="b">il. ; </subfield>
      <subfield code="a">209 p. : </subfield>
      <subfield code="b">il. ; </subfield>
      <subfield code="a">199 p. : </subfield>
      <subfield code="b">il. ; </subfield>
      <subfield code="a">113 p. : </subfield>
      <subfield code="a">174 p. : </subfield>
      <subfield code="a">193 p. : </subfield>
      <subfield code="a">79 p. : </subfield>
      <subfield code="b">il. ; </subfield>
      <subfield code="a">79 p. : </subfield>
      <subfield code="b">il. ; </subfield>
      <subfield code="a">80 p. : </subfield>
      <subfield code="b">il. ; </subfield>
      <subfield code="a">173 p. : </subfield>
      <subfield code="b">il. ; </subfield>
      <subfield code="a">84 p. : </subfield>
      <subfield code="b">il. ; </subfield>
      <subfield code="a">61 p. : </subfield>
      <subfield code="b">il. ; </subfield>
      <subfield code="a">87 p. : </subfield>
      <subfield code="a">143 p. : </subfield>
      <subfield code="b">il. ; </subfield>
      <subfield code="a">6 v. : </subfield>
      <subfield code="b">il. ; </subfield>
      <subfield code="a">14 t. en 7 v. : </subfield>
      <subfield code="b">il. ; </subfield>
      <subfield code="a">14 t. en 21 v. : </subfield>
      <subfield code="a">xxxi, 943 p. : </subfield>
      <subfield code="b">il. ; </subfield>
      <subfield code="a">xiv, 544 p. : </subfield>
      <subfield code="b">il. ; </subfield>
      <subfield code="a">222 p. : </subfield>
      <subfield code="a">438 p. : </subfield>
      <subfield code="a">vi, 381 p. : </subfield>
      <subfield code="b">il. ; </subfield>
      <subfield code="a">647 p. : </subfield>
      <subfield code="b">il. ; </subfield>
      <subfield code="a">221 p. : </subfield>
      <subfield code="b">il. ; </subfield>
      <subfield code="a">126 p. : </subfield>
      <subfield code="a">709 p. : </subfield>
      <subfield code="b">il. ; </subfield>
      <subfield code="a">931 p. : </subfield>
      <subfield code="b">il. ; </subfield>
      <subfield code="a">72 p. : </subfield>
      <subfield code="b">il. ; </subfield>
      <subfield code="a">160 p. : </subfield>
      <subfield code="b">il. ; </subfield>
      <subfield code="a">134 p. : </subfield>
      <subfield code="b">il. ; </subfield>
      <subfield code="a">251 p. : </subfield>
      <subfield code="b">il. ; </subfield>
      <subfield code="a">27 p. : </subfield>
      <subfield code="b">il. ; </subfield>
      <subfield code="a">347 p. : </subfield>
      <subfield code="b">il. ; </subfield>
      <subfield code="a">468 p. : </subfield>
      <subfield code="b">il. ; </subfield>
      <subfield code="a">279 p. : </subfield>
      <subfield code="a">358 p. : </subfield>
      <subfield code="a">1228 p. : </subfield>
      <subfield code="b">il. ; </subfield>
      <subfield code="e">1 CD-ROM en bolsillo</subfield>
    </datafield>
    <datafield tag="500" ind1=" " ind2=" ">
      <subfield code="a">Contenido del CD-ROM: Curso de planificación del trabajo</subfield>
    </datafield>
    <datafield tag="650" ind1=" " ind2=" ">
      <subfield code="a"> GESTION EMPRESARIAL</subfield>
    </datafield>
    <datafield tag="650" ind1=" " ind2=" ">
      <subfield code="a"> TOMA DE DECISIONES </subfield>
    </datafield>
    <datafield tag="650" ind1=" " ind2=" ">
      <subfield code="a"> RECURSOS HUMANOS</subfield>
    </datafield>
    <datafield tag="650" ind1=" " ind2=" ">
      <subfield code="a"> PLANIFICACION ESTRATEGICA</subfield>
    </datafield>
    <datafield tag="650" ind1=" " ind2=" ">
      <subfield code="a"> ADMINISTRACION DE EMPRESAS</subfield>
    </datafield>
    <datafield tag="650" ind1=" " ind2=" ">
      <subfield code="a"> ORGANIZACION ADMINISTRATIVA</subfield>
    </datafield>
    <datafield tag="942" ind1=" " ind2=" ">
      <subfield code="c">BK</subfield>
    </datafield>
    <datafield tag="952" ind1=" " ind2=" ">
      <subfield code="a">BIB_RECT</subfield>
      <subfield code="b">BIB_UACO</subfield>
      <subfield code="d">2009-09-24</subfield>
      <subfield code="y">BK</subfield>
      <subfield code="p">02-38365</subfield>
      <subfield code="i">02-38365</subfield>
      <subfield code="g">90</subfield>
      <subfield code="o">65.012.4 E561e</subfield>
      <subfield code="e">Donación Moyano, Elena</subfield>
      <subfield code="8">CG</subfield>
    </datafield>
  </record>