
  <record>
    <leader>01000aam  22002601a 4500</leader>
    <controlfield tag="001">YPZ91925</controlfield>
    <controlfield tag="003">YPZ</controlfield>
    <controlfield tag="005">200909281536210</controlfield>
    <controlfield tag="008">090928|###########||||||b||||||||||spa|d</controlfield>
    <datafield tag="020" ind1=" " ind2=" ">
      <subfield code="a">8420602272</subfield>
    </datafield>
    <datafield tag="040" ind1=" " ind2=" ">
      <subfield code="c">SIUNPA</subfield>
    </datafield>
    <datafield tag="041" ind1=" " ind2=" ">
      <subfield code="a">spa</subfield>
    </datafield>
    <datafield tag="044" ind1=" " ind2=" ">
      <subfield code="a">ES</subfield>
    </datafield>
    <datafield tag="080" ind1=" " ind2=" ">
      <subfield code="a">81 S259c</subfield>
    </datafield>
    <datafield tag="100" ind1=" " ind2=" ">
      <subfield code="a">Saussure, Ferdinand de.</subfield>
    </datafield>
    <datafield tag="245" ind1=" " ind2=" ">
      <subfield code="a">Curso de lingüística general</subfield>
      <subfield code="c"> / Bally, Charles, publ. por ; Séchéhaye, Albert., publi. por ; Riedlinger, Albert, colab. ; Alonso, Amado, tr., pról. y notas</subfield>
    </datafield>
    <datafield tag="250" ind1=" " ind2=" ">
      <subfield code="a">1a ed., 7a reimpr.</subfield>
    </datafield>
    <datafield tag="260" ind1=" " ind2=" ">
      <subfield code="a">Madrid</subfield>
      <subfield code="b"> : Alianza</subfield>
      <subfield code="c"> , 1998</subfield>
    </datafield>
    <datafield tag="440" ind1=" " ind2=" ">
      <subfield code="a">Aula XXI Santillana</subfield>
      <subfield code="a">Clásicos inolvidables</subfield>
      <subfield code="a">AEM safety manuals</subfield>
      <subfield code="a">Filosofia y teoría del lenguaje</subfield>
      <subfield code="a">Filosofia y teoría del lenguaje</subfield>
      <subfield code="a">El libro de bolsillo. Sección humanidades</subfield>
      <subfield code="v">1127</subfield>
    </datafield>
    <datafield tag="490" ind1=" " ind2=" ">
      <subfield code="a">Aula XXI Santillana</subfield>
      <subfield code="a">Clásicos inolvidables</subfield>
      <subfield code="a">AEM safety manuals</subfield>
      <subfield code="a">Filosofia y teoría del lenguaje</subfield>
      <subfield code="a">Filosofia y teoría del lenguaje</subfield>
      <subfield code="a">El libro de bolsillo. Sección humanidades</subfield>
      <subfield code="v">1127</subfield>
    </datafield>
    <datafield tag="650" ind1=" " ind2=" ">
      <subfield code="a"> LINGÜISTICA</subfield>
    </datafield>
    <datafield tag="942" ind1=" " ind2=" ">
      <subfield code="c">BK</subfield>
    </datafield>
    <datafield tag="952" ind1=" " ind2=" ">
      <subfield code="a">BIB_RECT</subfield>
      <subfield code="b">BIB_UARG</subfield>
      <subfield code="d">2009-09-14</subfield>
      <subfield code="y">BK</subfield>
      <subfield code="p">05-10774</subfield>
      <subfield code="i">05-10774</subfield>
      <subfield code="g">40</subfield>
      <subfield code="o">81 S259c</subfield>
      <subfield code="e">Migración UARG</subfield>
      <subfield code="8">CG</subfield>
    </datafield>
    <datafield tag="952" ind1=" " ind2=" ">
      <subfield code="a">BIB_RECT</subfield>
      <subfield code="b">BIB_UARG</subfield>
      <subfield code="d">2009-09-14</subfield>
      <subfield code="y">BK</subfield>
      <subfield code="p">05-10775</subfield>
      <subfield code="i">05-10775</subfield>
      <subfield code="g">40</subfield>
      <subfield code="o">81 S259c</subfield>
      <subfield code="e">Migración UARG</subfield>
      <subfield code="8">CG</subfield>
    </datafield>
    <datafield tag="952" ind1=" " ind2=" ">
      <subfield code="a">BIB_RECT</subfield>
      <subfield code="b">BIB_UARG</subfield>
      <subfield code="d">2009-09-14</subfield>
      <subfield code="y">BK</subfield>
      <subfield code="p">05-10776</subfield>
      <subfield code="i">05-10776</subfield>
      <subfield code="g">40</subfield>
      <subfield code="o">81 S259c</subfield>
      <subfield code="e">Migración UARG</subfield>
      <subfield code="8">CG</subfield>
    </datafield>
    <datafield tag="952" ind1=" " ind2=" ">
      <subfield code="a">BIB_RECT</subfield>
      <subfield code="b">BIB_UARG</subfield>
      <subfield code="d">2009-09-14</subfield>
      <subfield code="y">BK</subfield>
      <subfield code="p">05-10777</subfield>
      <subfield code="i">05-10777</subfield>
      <subfield code="g">40</subfield>
      <subfield code="o">81 S259c</subfield>
      <subfield code="e">Migración UARG</subfield>
      <subfield code="8">CG</subfield>
    </datafield>
  </record>