
  <record>
    <leader>01000aam  22002601a 4500</leader>
    <controlfield tag="001">YPZ91936</controlfield>
    <controlfield tag="003">YPZ</controlfield>
    <controlfield tag="005">200909291652100</controlfield>
    <controlfield tag="008">090929|###########||||||b||||||||||spa|d</controlfield>
    <datafield tag="020" ind1=" " ind2=" ">
      <subfield code="a">8425201268</subfield>
    </datafield>
    <datafield tag="040" ind1=" " ind2=" ">
      <subfield code="c">SIUNPA</subfield>
    </datafield>
    <datafield tag="041" ind1=" " ind2=" ">
      <subfield code="a">spa</subfield>
    </datafield>
    <datafield tag="044" ind1=" " ind2=" ">
      <subfield code="a">ES</subfield>
    </datafield>
    <datafield tag="080" ind1=" " ind2=" ">
      <subfield code="a">R(038)=134.2'374.73</subfield>
    </datafield>
    <datafield tag="100" ind1=" " ind2=" ">
      <subfield code="a">Casares, Julio.</subfield>
    </datafield>
    <datafield tag="245" ind1=" " ind2=" ">
      <subfield code="a">Diccionario ideológico de la lengua española</subfield>
      <subfield code="b"> : desde la idea a la palabra; desde la palabra a la idea</subfield>
    </datafield>
    <datafield tag="250" ind1=" " ind2=" ">
      <subfield code="a">2a ed., puesta al día, 8a reimpr.</subfield>
    </datafield>
    <datafield tag="260" ind1=" " ind2=" ">
      <subfield code="a">Barcelona</subfield>
      <subfield code="b"> : G. Gili</subfield>
      <subfield code="c"> , 1977</subfield>
    </datafield>
    <datafield tag="650" ind1=" " ind2=" ">
      <subfield code="a"> LENGUA ESPAÑOLA</subfield>
    </datafield>
    <datafield tag="650" ind1=" " ind2=" ">
      <subfield code="a"> DICCIONARIO</subfield>
    </datafield>
    <datafield tag="650" ind1=" " ind2=" ">
      <subfield code="a"> MATERIAL DE REFERENCIA</subfield>
    </datafield>
    <datafield tag="942" ind1=" " ind2=" ">
      <subfield code="c">BK</subfield>
    </datafield>
    <datafield tag="952" ind1=" " ind2=" ">
      <subfield code="a">BIB_RECT</subfield>
      <subfield code="b">BIB_UACO</subfield>
      <subfield code="d">2009-09-29</subfield>
      <subfield code="y">BK</subfield>
      <subfield code="p">02-07913</subfield>
      <subfield code="i">02-07913</subfield>
      <subfield code="g">520</subfield>
      <subfield code="o">R(038)=134.2'374.73</subfield>
      <subfield code="e">Migración UACO</subfield>
      <subfield code="8">CR</subfield>
      <subfield code="7">4</subfield>
    </datafield>
    <datafield tag="952" ind1=" " ind2=" ">
      <subfield code="a">BIB_RECT</subfield>
      <subfield code="b">BIB_UARG</subfield>
      <subfield code="d">2009-09-29</subfield>
      <subfield code="y">BK</subfield>
      <subfield code="p">05-02829</subfield>
      <subfield code="i">05-02829</subfield>
      <subfield code="g">520</subfield>
      <subfield code="o">R(038)=134.2'374.73</subfield>
      <subfield code="e">Migración UACO</subfield>
      <subfield code="8">CR</subfield>
      <subfield code="7">4</subfield>
    </datafield>
  </record>