
  <record>
    <leader>01000aam  22002601a 4500</leader>
    <controlfield tag="001">YPZ91937</controlfield>
    <controlfield tag="003">YPZ</controlfield>
    <controlfield tag="005">200909301348410</controlfield>
    <controlfield tag="008">090930|###########||||||b||||||||||spa|d</controlfield>
    <datafield tag="040" ind1=" " ind2=" ">
      <subfield code="c">SIUNPA</subfield>
    </datafield>
    <datafield tag="041" ind1=" " ind2=" ">
      <subfield code="a">spa</subfield>
    </datafield>
    <datafield tag="044" ind1=" " ind2=" ">
      <subfield code="a">AR</subfield>
    </datafield>
    <datafield tag="080" ind1=" " ind2=" ">
      <subfield code="a">334.726 V697e</subfield>
    </datafield>
    <datafield tag="100" ind1=" " ind2=" ">
      <subfield code="a">Vilas, Carlos María.</subfield>
    </datafield>
    <datafield tag="700" ind1=" " ind2=" ">
      <subfield code="a">Silva, Oscar.</subfield>
    </datafield>
    <datafield tag="245" ind1=" " ind2=" ">
      <subfield code="a">Las empresas multinacionales</subfield>
    </datafield>
    <datafield tag="260" ind1=" " ind2=" ">
      <subfield code="a">Buenos Aires</subfield>
      <subfield code="b"> : Editorial del Noroeste</subfield>
      <subfield code="c"> , 1975</subfield>
    </datafield>
    <datafield tag="440" ind1=" " ind2=" ">
      <subfield code="a">Educación / Siglo XXI</subfield>
      <subfield code="a">Economía / Siglo Veintiuno</subfield>
      <subfield code="a">Alianza diccionarios</subfield>
      <subfield code="a">Biblioteca pedagógica. Metodología de la enseñanza</subfield>
      <subfield code="a">Biblioteca arte y ciencia de la expresión</subfield>
      <subfield code="a">Cuadernos de Crisis</subfield>
      <subfield code="v">no.23</subfield>
    </datafield>
    <datafield tag="490" ind1=" " ind2=" ">
      <subfield code="a">Educación / Siglo XXI</subfield>
      <subfield code="a">Economía / Siglo Veintiuno</subfield>
      <subfield code="a">Alianza diccionarios</subfield>
      <subfield code="a">Biblioteca pedagógica. Metodología de la enseñanza</subfield>
      <subfield code="a">Biblioteca arte y ciencia de la expresión</subfield>
      <subfield code="a">Cuadernos de Crisis</subfield>
      <subfield code="v">no.23</subfield>
    </datafield>
    <datafield tag="650" ind1=" " ind2=" ">
      <subfield code="a"> ECONOMIA DE MERCADO</subfield>
    </datafield>
    <datafield tag="650" ind1=" " ind2=" ">
      <subfield code="a"> EMPRESAS MULTINACIONALES</subfield>
    </datafield>
    <datafield tag="650" ind1=" " ind2=" ">
      <subfield code="a"> MONOPOLIO</subfield>
    </datafield>
    <datafield tag="942" ind1=" " ind2=" ">
      <subfield code="c">BK</subfield>
    </datafield>
    <datafield tag="952" ind1=" " ind2=" ">
      <subfield code="a">BIB_RECT</subfield>
      <subfield code="b">BIB_UARG</subfield>
      <subfield code="d">2009-09-07</subfield>
      <subfield code="y">BK</subfield>
      <subfield code="p">05-38324</subfield>
      <subfield code="i">05-38324</subfield>
      <subfield code="g">34</subfield>
      <subfield code="o">334.726 V697e</subfield>
      <subfield code="e">Donación Barbería, Elsa</subfield>
      <subfield code="8">CG</subfield>
    </datafield>
  </record>