
  <record>
    <leader>01000aam  22002601a 4500</leader>
    <controlfield tag="001">YPZ91964</controlfield>
    <controlfield tag="003">YPZ</controlfield>
    <controlfield tag="005">200910011801230</controlfield>
    <controlfield tag="008">091001|###########||||||b||||||||||spa|d</controlfield>
    <datafield tag="040" ind1=" " ind2=" ">
      <subfield code="c">SIUNPA</subfield>
    </datafield>
    <datafield tag="041" ind1=" " ind2=" ">
      <subfield code="a">spa</subfield>
    </datafield>
    <datafield tag="044" ind1=" " ind2=" ">
      <subfield code="a">AR</subfield>
    </datafield>
    <datafield tag="080" ind1=" " ind2=" ">
      <subfield code="a">910.4 B454r</subfield>
    </datafield>
    <datafield tag="100" ind1=" " ind2=" ">
      <subfield code="a">Belza, Juan E..</subfield>
    </datafield>
    <datafield tag="245" ind1=" " ind2=" ">
      <subfield code="a">Rastros sudatlánticos</subfield>
      <subfield code="b"> : pistas de navegantes franceses del Atlántico sur anteriores a Bougainville</subfield>
    </datafield>
    <datafield tag="260" ind1=" " ind2=" ">
      <subfield code="a">Buenos Aires</subfield>
      <subfield code="b"> : Instituto de Investigaciones Históricas Tierra del Fuego</subfield>
      <subfield code="c"> , 1980</subfield>
    </datafield>
    <datafield tag="500" ind1=" " ind2=" ">
      <subfield code="a">Otro subtít.: Estado de investigación</subfield>
    </datafield>
    <datafield tag="650" ind1=" " ind2=" ">
      <subfield code="a"> VIAJE  DESCUBRIMIENTOS</subfield>
    </datafield>
    <datafield tag="650" ind1=" " ind2=" ">
      <subfield code="a"> OCEANO ATLANTICO </subfield>
    </datafield>
    <datafield tag="650" ind1=" " ind2=" ">
      <subfield code="a"> HISTORIA ARGENTINA</subfield>
    </datafield>
    <datafield tag="650" ind1=" " ind2=" ">
      <subfield code="a"> SIGLO XVII </subfield>
    </datafield>
    <datafield tag="650" ind1=" " ind2=" ">
      <subfield code="a"> SIGLO XVIII</subfield>
    </datafield>
    <datafield tag="942" ind1=" " ind2=" ">
      <subfield code="c">BK</subfield>
    </datafield>
    <datafield tag="952" ind1=" " ind2=" ">
      <subfield code="a">BIB_RECT</subfield>
      <subfield code="b">BIB_UARG</subfield>
      <subfield code="d">2009-10-01</subfield>
      <subfield code="y">BK</subfield>
      <subfield code="p">05-13325</subfield>
      <subfield code="i">05-13325</subfield>
      <subfield code="g">29</subfield>
      <subfield code="o">910.4 B454r</subfield>
      <subfield code="e">Migración UARG</subfield>
      <subfield code="8">CG</subfield>
    </datafield>
    <datafield tag="952" ind1=" " ind2=" ">
      <subfield code="a">BIB_RECT</subfield>
      <subfield code="b">BIB_UARG</subfield>
      <subfield code="d">2009-10-01</subfield>
      <subfield code="y">BK</subfield>
      <subfield code="p">05-38311</subfield>
      <subfield code="i">05-38311</subfield>
      <subfield code="g">29</subfield>
      <subfield code="o">910.4 B454r</subfield>
      <subfield code="e">Donación Barbería, Elsa</subfield>
      <subfield code="8">CG</subfield>
    </datafield>
  </record>