
  <record>
    <leader>01000aam  22002601a 4500</leader>
    <controlfield tag="001">YPZ91978</controlfield>
    <controlfield tag="003">YPZ</controlfield>
    <controlfield tag="005">200910021901070</controlfield>
    <controlfield tag="008">091002|###########||||||b||||||||||spa|d</controlfield>
    <datafield tag="040" ind1=" " ind2=" ">
      <subfield code="c">SIUNPA</subfield>
    </datafield>
    <datafield tag="041" ind1=" " ind2=" ">
      <subfield code="a">spa</subfield>
    </datafield>
    <datafield tag="044" ind1=" " ind2=" ">
      <subfield code="a">IT</subfield>
    </datafield>
    <datafield tag="080" ind1=" " ind2=" ">
      <subfield code="a">904(036) D719j</subfield>
    </datafield>
    <datafield tag="100" ind1=" " ind2=" ">
      <subfield code="a">D'Orta, Piemme.</subfield>
    </datafield>
    <datafield tag="700" ind1=" " ind2=" ">
      <subfield code="a">D'Orta, Enrika.</subfield>
    </datafield>
    <datafield tag="245" ind1=" " ind2=" ">
      <subfield code="a">Juntos en Pompeya</subfield>
      <subfield code="c"> / Pirone, Mario, fot.</subfield>
    </datafield>
    <datafield tag="250" ind1=" " ind2=" ">
      <subfield code="a">1a ed.</subfield>
    </datafield>
    <datafield tag="260" ind1=" " ind2=" ">
      <subfield code="a">Pompeya</subfield>
      <subfield code="b"> : Falanga Edizioni Pompeiane, FEP</subfield>
      <subfield code="c"> , 1981</subfield>
    </datafield>
    <datafield tag="300" ind1=" " ind2=" ">
      <subfield code="a">890 p. : </subfield>
      <subfield code="a">47 p. : </subfield>
      <subfield code="b">il. ; </subfield>
      <subfield code="a">260 p. : </subfield>
      <subfield code="b">il. ; </subfield>
      <subfield code="a">260 p. : </subfield>
      <subfield code="b">il. ; </subfield>
      <subfield code="a">xxi, 283 p. : </subfield>
      <subfield code="b">il. ; </subfield>
      <subfield code="a">176 p. : </subfield>
      <subfield code="a">241 p. : </subfield>
      <subfield code="b">il. ; </subfield>
      <subfield code="a">xvi, 711 p. : </subfield>
      <subfield code="a">xlvi, 209 p. : </subfield>
      <subfield code="a">224 p. : </subfield>
      <subfield code="b">il. ; </subfield>
      <subfield code="a">xxiii, 360 p. : </subfield>
      <subfield code="b">il. ; </subfield>
      <subfield code="a">143 p. : </subfield>
      <subfield code="b">il. ; </subfield>
      <subfield code="a">1312 p. : </subfield>
      <subfield code="a">410 p. : </subfield>
      <subfield code="b">il. ; </subfield>
      <subfield code="a">xix, 308 p. : </subfield>
      <subfield code="b">il. ; </subfield>
      <subfield code="a">lxxv, 887 p. : </subfield>
      <subfield code="a">80 p. : </subfield>
      <subfield code="b">il. ; </subfield>
      <subfield code="a">156 p. : </subfield>
      <subfield code="a">164 p. : </subfield>
      <subfield code="a">2 v. : </subfield>
      <subfield code="b">il. ; </subfield>
      <subfield code="a">126 p. : </subfield>
      <subfield code="b">il. ; </subfield>
      <subfield code="a">125 p. : </subfield>
      <subfield code="a">432 p. : </subfield>
      <subfield code="b">il. ; </subfield>
      <subfield code="a">359 p. : </subfield>
      <subfield code="a">134  p. : </subfield>
      <subfield code="a">136 p. : </subfield>
      <subfield code="a">xv, 334 p. : </subfield>
      <subfield code="b">il. ; </subfield>
      <subfield code="a">3 v. : </subfield>
      <subfield code="a">2 v. : </subfield>
      <subfield code="a">xv, 808 p. : </subfield>
      <subfield code="b">il. ; </subfield>
      <subfield code="a">1792 p. : </subfield>
      <subfield code="b">il. ; </subfield>
      <subfield code="a">248 p. : </subfield>
      <subfield code="b">il. ; </subfield>
      <subfield code="a">446 p. : </subfield>
      <subfield code="a">90 p. : </subfield>
      <subfield code="b">il. ; </subfield>
      <subfield code="a">108 p. : </subfield>
      <subfield code="b">il. ; </subfield>
      <subfield code="a">134 p. : </subfield>
      <subfield code="b">il. ; </subfield>
      <subfield code="a">97 p. : </subfield>
      <subfield code="a">293 p. : </subfield>
      <subfield code="b">il. ; </subfield>
      <subfield code="a">80 p. : </subfield>
      <subfield code="b">il. ; </subfield>
      <subfield code="a">v. : </subfield>
      <subfield code="b">il. ; </subfield>
      <subfield code="a">224 p. : </subfield>
      <subfield code="b">il. ; </subfield>
      <subfield code="a">135 p. : </subfield>
      <subfield code="a">143 p. : </subfield>
      <subfield code="b">il. ; </subfield>
      <subfield code="a">77 p. : </subfield>
      <subfield code="b">il. ; </subfield>
      <subfield code="a">85 p. : </subfield>
      <subfield code="b">il. ; </subfield>
      <subfield code="a">43 p. : </subfield>
      <subfield code="a">xv, 475 p. : </subfield>
      <subfield code="b">il. ; </subfield>
      <subfield code="a">56 p. : </subfield>
      <subfield code="b">il. ; </subfield>
      <subfield code="e">1 h pleg.</subfield>
    </datafield>
    <datafield tag="500" ind1=" " ind2=" ">
      <subfield code="a">Subtít. de la cubierta: 110 ilustraciones a colores y plano general de las ruinas con referencia de los intinerarios descritos e ilustrados en esta publicación</subfield>
    </datafield>
    <datafield tag="650" ind1=" " ind2=" ">
      <subfield code="a"> TURISMO CULTURAL</subfield>
    </datafield>
    <datafield tag="650" ind1=" " ind2=" ">
      <subfield code="a"> PATRIMONIO CULTURAL</subfield>
    </datafield>
    <datafield tag="650" ind1=" " ind2=" ">
      <subfield code="a"> POMPEYA (ITALIA)</subfield>
    </datafield>
    <datafield tag="650" ind1=" " ind2=" ">
      <subfield code="a"> GUIAS DE VIAJE</subfield>
    </datafield>
    <datafield tag="942" ind1=" " ind2=" ">
      <subfield code="c">BK</subfield>
    </datafield>
    <datafield tag="952" ind1=" " ind2=" ">
      <subfield code="a">BIB_RECT</subfield>
      <subfield code="b">BIB_UARG</subfield>
      <subfield code="d">2009-10-02</subfield>
      <subfield code="y">BK</subfield>
      <subfield code="p">05-38309</subfield>
      <subfield code="i">05-38309</subfield>
      <subfield code="g">15</subfield>
      <subfield code="o">904(036) D719j</subfield>
      <subfield code="e">Donación Barbería, Elsa</subfield>
      <subfield code="8">CG</subfield>
    </datafield>
  </record>