
  <record>
    <leader>01000aam  22002601a 4500</leader>
    <controlfield tag="001">YPZ91981</controlfield>
    <controlfield tag="003">YPZ</controlfield>
    <controlfield tag="005">200910051801150</controlfield>
    <controlfield tag="008">091005|###########||||||b||||||||||spa|d</controlfield>
    <datafield tag="020" ind1=" " ind2=" ">
      <subfield code="a">9688803081 (o.c.)</subfield>
    </datafield>
    <datafield tag="020" ind1=" " ind2=" ">
      <subfield code="a">9688803091X (t.1)</subfield>
    </datafield>
    <datafield tag="020" ind1=" " ind2=" ">
      <subfield code="a">9688803103 (t.2)</subfield>
    </datafield>
    <datafield tag="020" ind1=" " ind2=" ">
      <subfield code="a">9688803111 (t.3)</subfield>
    </datafield>
    <datafield tag="020" ind1=" " ind2=" ">
      <subfield code="a">968880312X (t.4)</subfield>
    </datafield>
    <datafield tag="040" ind1=" " ind2=" ">
      <subfield code="c">SIUNPA</subfield>
    </datafield>
    <datafield tag="041" ind1=" " ind2=" ">
      <subfield code="a">spa</subfield>
    </datafield>
    <datafield tag="044" ind1=" " ind2=" ">
      <subfield code="a">MX</subfield>
    </datafield>
    <datafield tag="080" ind1=" " ind2=" ">
      <subfield code="a">004.382.7 M946m2</subfield>
    </datafield>
    <datafield tag="100" ind1=" " ind2=" ">
      <subfield code="a">Mueller, Scott.</subfield>
    </datafield>
    <datafield tag="245" ind1=" " ind2=" ">
      <subfield code="a">Manual para reparar y mejorar computadoras personales</subfield>
      <subfield code="b"> : segunda edición</subfield>
      <subfield code="c"> / González Pozo, Virgilio, tr. ; Kourchenko, Sergio, tr. ; Suárez Fernández, Agustín, rev. técnica</subfield>
    </datafield>
    <datafield tag="260" ind1=" " ind2=" ">
      <subfield code="a">México, D.F.</subfield>
      <subfield code="b"> : Prentice Hall Hispanoamericana</subfield>
      <subfield code="c"> , 1993</subfield>
    </datafield>
    <datafield tag="500" ind1=" " ind2=" ">
      <subfield code="a">En cubierta: Edición completamente nueva de este éxito internacional</subfield>
    </datafield>
    <datafield tag="650" ind1=" " ind2=" ">
      <subfield code="a"> REPARACION DE COMPUTADORAS</subfield>
    </datafield>
    <datafield tag="650" ind1=" " ind2=" ">
      <subfield code="a"> HARDWARE</subfield>
    </datafield>
    <datafield tag="650" ind1=" " ind2=" ">
      <subfield code="a"> SOFTWARE</subfield>
    </datafield>
    <datafield tag="650" ind1=" " ind2=" ">
      <subfield code="a"> MANTENIMIENTO DE COMPUTADORAS</subfield>
    </datafield>
    <datafield tag="942" ind1=" " ind2=" ">
      <subfield code="c">BK</subfield>
    </datafield>
    <datafield tag="952" ind1=" " ind2=" ">
      <subfield code="a">BIB_RECT</subfield>
      <subfield code="b">BIB_UACO</subfield>
      <subfield code="d">2009-10-05</subfield>
      <subfield code="y">BK</subfield>
      <subfield code="p">02-00398</subfield>
      <subfield code="i">02-00398</subfield>
      <subfield code="g">90</subfield>
      <subfield code="o">004.382.7 M946m2</subfield>
      <subfield code="e">UFPA-UACO</subfield>
      <subfield code="8">CG</subfield>
    </datafield>
    <datafield tag="952" ind1=" " ind2=" ">
      <subfield code="a">BIB_RECT</subfield>
      <subfield code="b">BIB_UACO</subfield>
      <subfield code="d">2009-10-05</subfield>
      <subfield code="y">BK</subfield>
      <subfield code="p">02-00399</subfield>
      <subfield code="i">02-00399</subfield>
      <subfield code="g">90</subfield>
      <subfield code="o">004.382.7 M946m2</subfield>
      <subfield code="e">UFPA-UACO</subfield>
      <subfield code="8">CG</subfield>
    </datafield>
    <datafield tag="952" ind1=" " ind2=" ">
      <subfield code="a">BIB_RECT</subfield>
      <subfield code="b">BIB_UACO</subfield>
      <subfield code="d">2009-10-05</subfield>
      <subfield code="y">BK</subfield>
      <subfield code="p">02-00400</subfield>
      <subfield code="i">02-00400</subfield>
      <subfield code="g">90</subfield>
      <subfield code="o">004.382.7 M946m2</subfield>
      <subfield code="e">UFPA-UACO</subfield>
      <subfield code="8">CG</subfield>
    </datafield>
    <datafield tag="952" ind1=" " ind2=" ">
      <subfield code="a">BIB_RECT</subfield>
      <subfield code="b">BIB_UACO</subfield>
      <subfield code="d">2009-10-05</subfield>
      <subfield code="y">BK</subfield>
      <subfield code="p">02-00401</subfield>
      <subfield code="i">02-00401</subfield>
      <subfield code="g">90</subfield>
      <subfield code="o">004.382.7 M946m2</subfield>
      <subfield code="e">UFPA-UACO</subfield>
      <subfield code="8">CG</subfield>
    </datafield>
  </record>