
  <record>
    <leader>01000aam  22002601a 4500</leader>
    <controlfield tag="001">YPZ91996</controlfield>
    <controlfield tag="003">YPZ</controlfield>
    <controlfield tag="005">200910071834550</controlfield>
    <controlfield tag="008">091007|###########||||||b||||||||||spa|d</controlfield>
    <datafield tag="020" ind1=" " ind2=" ">
      <subfield code="a">8475174892</subfield>
    </datafield>
    <datafield tag="040" ind1=" " ind2=" ">
      <subfield code="c">SIUNPA</subfield>
    </datafield>
    <datafield tag="041" ind1=" " ind2=" ">
      <subfield code="a">spa</subfield>
      <subfield code="a">eng</subfield>
    </datafield>
    <datafield tag="044" ind1=" " ind2=" ">
      <subfield code="a">AR</subfield>
    </datafield>
    <datafield tag="080" ind1=" " ind2=" ">
      <subfield code="a">821.111(417) B687e</subfield>
    </datafield>
    <datafield tag="100" ind1=" " ind2=" ">
      <subfield code="a">Boland, Eavand.</subfield>
    </datafield>
    <datafield tag="245" ind1=" " ind2=" ">
      <subfield code="a">En un tiempo de violencia</subfield>
      <subfield code="c"> / Salamanca, Pilar, tr.</subfield>
    </datafield>
    <datafield tag="246" ind1=" " ind2=" ">
      <subfield code="a">In a time of violence.</subfield>
    </datafield>
    <datafield tag="250" ind1=" " ind2=" ">
      <subfield code="a">1a ed. española|Ed. bilingüe</subfield>
    </datafield>
    <datafield tag="260" ind1=" " ind2=" ">
      <subfield code="a">Madrid</subfield>
      <subfield code="b"> : Hiperión</subfield>
      <subfield code="c"> , 1997</subfield>
    </datafield>
    <datafield tag="440" ind1=" " ind2=" ">
      <subfield code="a">Colección monográficos Aljibe</subfield>
      <subfield code="a">Colección Educación hoy</subfield>
      <subfield code="a">Colección testimonios del sur</subfield>
      <subfield code="a">Colección temas literarios</subfield>
      <subfield code="a">Psicología / Gedisa</subfield>
      <subfield code="a">Poesía Hiperión</subfield>
      <subfield code="v">285</subfield>
    </datafield>
    <datafield tag="490" ind1=" " ind2=" ">
      <subfield code="a">Colección monográficos Aljibe</subfield>
      <subfield code="a">Colección Educación hoy</subfield>
      <subfield code="a">Colección testimonios del sur</subfield>
      <subfield code="a">Colección temas literarios</subfield>
      <subfield code="a">Psicología / Gedisa</subfield>
      <subfield code="a">Poesía Hiperión</subfield>
      <subfield code="v">285</subfield>
    </datafield>
    <datafield tag="650" ind1=" " ind2=" ">
      <subfield code="a"> LITERATURA IRLANDESA</subfield>
    </datafield>
    <datafield tag="650" ind1=" " ind2=" ">
      <subfield code="a"> POESIA</subfield>
    </datafield>
    <datafield tag="942" ind1=" " ind2=" ">
      <subfield code="c">BK</subfield>
    </datafield>
    <datafield tag="952" ind1=" " ind2=" ">
      <subfield code="a">BIB_RECT</subfield>
      <subfield code="b">BIB_UARG</subfield>
      <subfield code="d">2009-09-30</subfield>
      <subfield code="y">BK</subfield>
      <subfield code="p">05-38402</subfield>
      <subfield code="i">05-38402</subfield>
      <subfield code="g">50</subfield>
      <subfield code="o">821.111(417) B687e</subfield>
      <subfield code="e">PI 29/A080</subfield>
      <subfield code="8">CG</subfield>
    </datafield>
  </record>