
  <record>
    <leader>01000aam  22002601a 4500</leader>
    <controlfield tag="001">YPZ92003</controlfield>
    <controlfield tag="003">YPZ</controlfield>
    <controlfield tag="005">200910081557220</controlfield>
    <controlfield tag="008">091008|###########||||||b||||||||||spa|d</controlfield>
    <datafield tag="020" ind1=" " ind2=" ">
      <subfield code="a">9505725604</subfield>
    </datafield>
    <datafield tag="040" ind1=" " ind2=" ">
      <subfield code="c">SIUNPA</subfield>
    </datafield>
    <datafield tag="041" ind1=" " ind2=" ">
      <subfield code="a">spa</subfield>
    </datafield>
    <datafield tag="044" ind1=" " ind2=" ">
      <subfield code="a">AR</subfield>
    </datafield>
    <datafield tag="080" ind1=" " ind2=" ">
      <subfield code="a">342.4 A691c</subfield>
    </datafield>
    <datafield tag="110" ind1=" " ind2=" ">
      <subfield code="a">Argentina. Leyes, etc..</subfield>
    </datafield>
    <datafield tag="240" ind1=" " ind2=" ">
      <subfield code="a">[Constitución]</subfield>
    </datafield>
    <datafield tag="245" ind1=" " ind2=" ">
      <subfield code="a">Constitución de la Nación Argentina</subfield>
      <subfield code="c"> / Zavalía, Ricardo de, cuidado de la ed.</subfield>
    </datafield>
    <datafield tag="260" ind1=" " ind2=" ">
      <subfield code="a">Buenos Aires</subfield>
      <subfield code="b"> : Zavalia</subfield>
      <subfield code="c"> , 2001</subfield>
    </datafield>
    <datafield tag="650" ind1=" " ind2=" ">
      <subfield code="a"> CONSTITUCION</subfield>
    </datafield>
    <datafield tag="650" ind1=" " ind2=" ">
      <subfield code="a"> ARGENTINA</subfield>
    </datafield>
    <datafield tag="942" ind1=" " ind2=" ">
      <subfield code="c">BK</subfield>
    </datafield>
    <datafield tag="952" ind1=" " ind2=" ">
      <subfield code="a">BIB_RECT</subfield>
      <subfield code="b">BIB_UART</subfield>
      <subfield code="d">2009-10-08</subfield>
      <subfield code="y">BK</subfield>
      <subfield code="p">03-01685</subfield>
      <subfield code="i">03-01685</subfield>
      <subfield code="g">20</subfield>
      <subfield code="o">342.4 A691c</subfield>
      <subfield code="e">FOMEC O/C 041/99</subfield>
      <subfield code="8">CG</subfield>
    </datafield>
    <datafield tag="952" ind1=" " ind2=" ">
      <subfield code="a">BIB_RECT</subfield>
      <subfield code="b">BIB_UART</subfield>
      <subfield code="d">2009-10-08</subfield>
      <subfield code="y">BK</subfield>
      <subfield code="p">03-01686</subfield>
      <subfield code="i">03-01686</subfield>
      <subfield code="g">20</subfield>
      <subfield code="o">342.4 A691c</subfield>
      <subfield code="e">FOMEC O/C 041/99</subfield>
      <subfield code="8">CG</subfield>
    </datafield>
    <datafield tag="952" ind1=" " ind2=" ">
      <subfield code="a">BIB_RECT</subfield>
      <subfield code="b">BIB_UART</subfield>
      <subfield code="d">2009-10-08</subfield>
      <subfield code="y">BK</subfield>
      <subfield code="p">03-01687</subfield>
      <subfield code="i">03-01687</subfield>
      <subfield code="g">20</subfield>
      <subfield code="o">342.4 A691c</subfield>
      <subfield code="e">FOMEC O/C 041/99</subfield>
      <subfield code="8">CG</subfield>
    </datafield>
    <datafield tag="952" ind1=" " ind2=" ">
      <subfield code="a">BIB_RECT</subfield>
      <subfield code="b">BIB_UART</subfield>
      <subfield code="d">2009-10-08</subfield>
      <subfield code="y">BK</subfield>
      <subfield code="p">03-01688</subfield>
      <subfield code="i">03-01688</subfield>
      <subfield code="g">20</subfield>
      <subfield code="o">342.4 A691c</subfield>
      <subfield code="e">FOMEC O/C 041/99</subfield>
      <subfield code="8">CG</subfield>
    </datafield>
    <datafield tag="952" ind1=" " ind2=" ">
      <subfield code="a">BIB_RECT</subfield>
      <subfield code="b">BIB_UART</subfield>
      <subfield code="d">2009-10-08</subfield>
      <subfield code="y">BK</subfield>
      <subfield code="p">03-01689</subfield>
      <subfield code="i">03-01689</subfield>
      <subfield code="g">20</subfield>
      <subfield code="o">342.4 A691c</subfield>
      <subfield code="e">FOMEC O/C 041/99</subfield>
      <subfield code="8">CG</subfield>
    </datafield>
  </record>