
  <record>
    <leader>01000aam  22002601a 4500</leader>
    <controlfield tag="001">YPZ92038</controlfield>
    <controlfield tag="003">YPZ</controlfield>
    <controlfield tag="005">200910191856140</controlfield>
    <controlfield tag="008">091019|###########||||||b||||||||||spa|d</controlfield>
    <datafield tag="040" ind1=" " ind2=" ">
      <subfield code="c">SIUNPA</subfield>
    </datafield>
    <datafield tag="041" ind1=" " ind2=" ">
      <subfield code="a">spa</subfield>
    </datafield>
    <datafield tag="044" ind1=" " ind2=" ">
      <subfield code="a">AR</subfield>
    </datafield>
    <datafield tag="080" ind1=" " ind2=" ">
      <subfield code="a">94(82) C691c</subfield>
    </datafield>
    <datafield tag="245" ind1=" " ind2=" ">
      <subfield code="a">Colección de obras y documentos relativos a la historia antigua y moderna de las provincias del Río de La Plata</subfield>
      <subfield code="c"> / De Angelis, Pedro, comp.</subfield>
    </datafield>
    <datafield tag="260" ind1=" " ind2=" ">
      <subfield code="a">Buenos Aires</subfield>
      <subfield code="b"> : Plus Ultra</subfield>
      <subfield code="c"> , 1969-1972</subfield>
    </datafield>
    <datafield tag="505" ind1=" " ind2=" ">
      <subfield code="a">Contenido: v.1. Historia argentina del descubrimiento, población y conquista de las provincias del Río de la Plata / Rui Díaz de Guzmán - Historia del Paraguay, Río de la Plata y Tucumán / P. Guevara -- v.2. Viaje a su costa del alcalde provincial del muy ilustre cabildo de la Concepción de Chile / Luis de la Cruz - Proyecto de traslación de las fronteras de Buenos Aires al Río Negro y Colorado / Sebastián Undiano y Gastelú - Derroteros y viajes a la ciudad Encantada o de los Césares / Tomás Falkner - Descripción de Patagonia / Tomás Falkner -- v.3. La Argentina o la conquista del Río de La Plata / Martín del Barco Centera - Fundación de la ciudad de Buenos Aires / Juan de Gary - Actas capitulares desde el 21 hasta el 25 de mayo de 1810 en Buenos Aires / P. Pedro Lozano - Diario de un viaje a la costa de la mar magallánica en 1745 / P. Pedro Lozano - Memoria dirigida al señor Marqués de Loreto, virrey y capitán general de las provincias del Río de La Plata / Francisco de Viedma -- v.4. Navegación del tercero / Pedro Andrés García - Viajes y expediciones a los campos de Buenos Aires y a las costas patagonia / F. de Viedma, Villarino y otros - Viaje a Salinas Grandes y a Sierra de la Ventana / Pedro Andrés García -- v.5. Memoria histórica, geográfica, política y económica sobre la provincia de misiones de indios guaraníes / Gonzalo de Doblas - Correspondencia oficial e inédita sobre la demarcación de límites entre el Paraguay y el Brasil / Félix de Azara - Diario histórico de la rebelión y guerra de los pueblos guaraníes situados en la costa oriental del río Uruguay del año 1754 / Tadeo Xavier Henis - Relación geográfica e histórica del territorio de Misiones / Diego de Alvear -- v.6. Apuntes históricos sobre la desmarcación de límites de la banda oriental y el Brasil reconocimiento del Río Pepirí Guazú / José María Cabrer - Descripción del río Paraguay desde La Boca del Xauru hasta la confluencia del Paraná / José Quiroga - Diario de una navegación y reconocimiento del Paraguay desde la ciudad de la Asunción hasta los presidios portugueses de Coimbra y Alburquerque / Ignacio de Pasos - Diario de la navegación y reconocimiento del Río Tebicuari / Félix de Azara - Viaje al Río de La plata y Paraguay / Ulderico Schmidel - Expedición al Chaco por Río Bermejo / Adrián Fernández Cornejo - Descripción geográfica y estadística de la provincia de Santa Cruz de la Sierra / Francisco de Viedma -- v.7. Descripción de la Villa Potosí y de los partidos sujetos a su intendencia / Juan del Pino Manrique - Descripción de la provincia y ciudad de Tarija / Juan del Pino Manrique - Descubrimiento de un nuevo camino desde el Valle de Centa Hasta la Villa de Tarija / Adrián Fernández Cornejo - Descripción de las misiones al cargo del colegio de Nuestra Señora de los Ángeles de la Villa de Tarija / Antonio Tamajuncosa - Relación Histórica de los sucesos de la rebelión de josé Gabriel Tupac Amaru en las provincias del Perú el año de 1780 - Documentos para la historia de</subfield>
    </datafield>
    <datafield tag="650" ind1=" " ind2=" ">
      <subfield code="a"> HISTORIA ARGENTINA</subfield>
    </datafield>
    <datafield tag="650" ind1=" " ind2=" ">
      <subfield code="a"> SIGLO XVI </subfield>
    </datafield>
    <datafield tag="650" ind1=" " ind2=" ">
      <subfield code="a"> SIGLO XVII</subfield>
    </datafield>
    <datafield tag="650" ind1=" " ind2=" ">
      <subfield code="a"> DOCUMENTOS</subfield>
    </datafield>
    <datafield tag="942" ind1=" " ind2=" ">
      <subfield code="c">BK</subfield>
    </datafield>
    <datafield tag="952" ind1=" " ind2=" ">
      <subfield code="a">BIB_RECT</subfield>
      <subfield code="b">BIB_UACO</subfield>
      <subfield code="d">2010-12-02</subfield>
      <subfield code="y">BK</subfield>
      <subfield code="p">02-00183</subfield>
      <subfield code="i">02-00183</subfield>
      <subfield code="g">49</subfield>
      <subfield code="o">94(82) C691c</subfield>
      <subfield code="e">C.E.S.C.O.</subfield>
      <subfield code="8">CG</subfield>
    </datafield>
    <datafield tag="952" ind1=" " ind2=" ">
      <subfield code="a">BIB_RECT</subfield>
      <subfield code="b">BIB_UARG</subfield>
      <subfield code="d">2010-02-26</subfield>
      <subfield code="y">BK</subfield>
      <subfield code="p">05-06942</subfield>
      <subfield code="i">05-06942</subfield>
      <subfield code="g">49</subfield>
      <subfield code="o">94(82) C691c</subfield>
      <subfield code="e">Donación</subfield>
      <subfield code="8">CG</subfield>
    </datafield>
    <datafield tag="952" ind1=" " ind2=" ">
      <subfield code="a">BIB_RECT</subfield>
      <subfield code="b">BIB_UARG</subfield>
      <subfield code="d">2010-02-26</subfield>
      <subfield code="y">BK</subfield>
      <subfield code="p">05-06943</subfield>
      <subfield code="i">05-06943</subfield>
      <subfield code="g">49</subfield>
      <subfield code="o">94(82) C691c</subfield>
      <subfield code="e">Donación</subfield>
      <subfield code="8">CG</subfield>
    </datafield>
    <datafield tag="952" ind1=" " ind2=" ">
      <subfield code="a">BIB_RECT</subfield>
      <subfield code="b">BIB_UARG</subfield>
      <subfield code="d">2010-02-26</subfield>
      <subfield code="y">BK</subfield>
      <subfield code="p">05-06944</subfield>
      <subfield code="i">05-06944</subfield>
      <subfield code="g">49</subfield>
      <subfield code="o">94(82) C691c</subfield>
      <subfield code="e">Donación</subfield>
      <subfield code="8">CG</subfield>
    </datafield>
    <datafield tag="952" ind1=" " ind2=" ">
      <subfield code="a">BIB_RECT</subfield>
      <subfield code="b">BIB_UARG</subfield>
      <subfield code="d">2010-02-26</subfield>
      <subfield code="y">BK</subfield>
      <subfield code="p">05-06945</subfield>
      <subfield code="i">05-06945</subfield>
      <subfield code="g">49</subfield>
      <subfield code="o">94(82) C691c</subfield>
      <subfield code="e">Donación</subfield>
      <subfield code="8">CG</subfield>
    </datafield>
    <datafield tag="952" ind1=" " ind2=" ">
      <subfield code="a">BIB_RECT</subfield>
      <subfield code="b">BIB_UARG</subfield>
      <subfield code="d">2010-02-26</subfield>
      <subfield code="y">BK</subfield>
      <subfield code="p">05-06946</subfield>
      <subfield code="i">05-06946</subfield>
      <subfield code="g">49</subfield>
      <subfield code="o">94(82) C691c</subfield>
      <subfield code="e">Donación</subfield>
      <subfield code="8">CG</subfield>
    </datafield>
    <datafield tag="952" ind1=" " ind2=" ">
      <subfield code="a">BIB_RECT</subfield>
      <subfield code="b">BIB_UARG</subfield>
      <subfield code="d">2010-02-26</subfield>
      <subfield code="y">BK</subfield>
      <subfield code="p">05-06947</subfield>
      <subfield code="i">05-06947</subfield>
      <subfield code="g">49</subfield>
      <subfield code="o">94(82) C691c</subfield>
      <subfield code="e">Donación</subfield>
      <subfield code="8">CG</subfield>
    </datafield>
    <datafield tag="952" ind1=" " ind2=" ">
      <subfield code="a">BIB_RECT</subfield>
      <subfield code="b">BIB_UARG</subfield>
      <subfield code="d">2010-02-26</subfield>
      <subfield code="y">BK</subfield>
      <subfield code="p">05-06948</subfield>
      <subfield code="i">05-06948</subfield>
      <subfield code="g">49</subfield>
      <subfield code="o">94(82) C691c</subfield>
      <subfield code="e">Donación</subfield>
      <subfield code="8">CG</subfield>
    </datafield>
    <datafield tag="952" ind1=" " ind2=" ">
      <subfield code="a">BIB_RECT</subfield>
      <subfield code="b">BIB_UARG</subfield>
      <subfield code="d">2010-02-26</subfield>
      <subfield code="y">BK</subfield>
      <subfield code="p">05-06949</subfield>
      <subfield code="i">05-06949</subfield>
      <subfield code="g">59</subfield>
      <subfield code="o">94(82) C691c</subfield>
      <subfield code="e">Donación</subfield>
      <subfield code="8">CG</subfield>
    </datafield>
    <datafield tag="952" ind1=" " ind2=" ">
      <subfield code="a">BIB_RECT</subfield>
      <subfield code="b">BIB_UARG</subfield>
      <subfield code="d">2010-02-26</subfield>
      <subfield code="y">BK</subfield>
      <subfield code="p">05-06950</subfield>
      <subfield code="i">05-06950</subfield>
      <subfield code="g">59</subfield>
      <subfield code="o">94(82) C691c</subfield>
      <subfield code="e">Donación</subfield>
      <subfield code="8">CG</subfield>
    </datafield>
    <datafield tag="952" ind1=" " ind2=" ">
      <subfield code="a">BIB_RECT</subfield>
      <subfield code="b">BIB_UARG</subfield>
      <subfield code="d">2009-10-19</subfield>
      <subfield code="y">BK</subfield>
      <subfield code="p">05-38105</subfield>
      <subfield code="i">05-38105</subfield>
      <subfield code="g">59</subfield>
      <subfield code="o">94(82) C691c</subfield>
      <subfield code="e">Donación Barbería, Elsa</subfield>
      <subfield code="8">CG</subfield>
    </datafield>
  </record>