
  <record>
    <leader>01000aam  22002601a 4500</leader>
    <controlfield tag="001">YPZ92043</controlfield>
    <controlfield tag="003">YPZ</controlfield>
    <controlfield tag="005">200910211527430</controlfield>
    <controlfield tag="008">091021|###########||||||b||||||||||spa|d</controlfield>
    <datafield tag="040" ind1=" " ind2=" ">
      <subfield code="c">SIUNPA</subfield>
    </datafield>
    <datafield tag="041" ind1=" " ind2=" ">
      <subfield code="a">spa</subfield>
    </datafield>
    <datafield tag="044" ind1=" " ind2=" ">
      <subfield code="a">AR</subfield>
    </datafield>
    <datafield tag="080" ind1=" " ind2=" ">
      <subfield code="a">342.72/.73 D431d</subfield>
    </datafield>
    <datafield tag="245" ind1=" " ind2=" ">
      <subfield code="a">El derecho a tener derechos</subfield>
      <subfield code="c"> / Rodríguez, Esteban, coordinador ; Relli, Mariana, coordinadora ; Appella, Gabriel, coordinador</subfield>
    </datafield>
    <datafield tag="260" ind1=" " ind2=" ">
      <subfield code="a">La Plata</subfield>
      <subfield code="b"> : Facultad de Periodismo y Comunicación Social, Universidad Nacional de La Plata</subfield>
      <subfield code="b"> : Colectivo de Investigación y Acción Jurídica, CIAL</subfield>
      <subfield code="b"> : Galpón Sur</subfield>
      <subfield code="c"> , 2008</subfield>
    </datafield>
    <datafield tag="500" ind1=" " ind2=" ">
      <subfield code="a">Subtít. de la cub.: manual de derechos humanos para organizaciones sociales</subfield>
    </datafield>
    <datafield tag="650" ind1=" " ind2=" ">
      <subfield code="a"> DERECHOS HUMANOS</subfield>
    </datafield>
    <datafield tag="650" ind1=" " ind2=" ">
      <subfield code="a"> DERECHOS DEL CIUDADANO</subfield>
    </datafield>
    <datafield tag="650" ind1=" " ind2=" ">
      <subfield code="a"> DERECHO CIVIL</subfield>
    </datafield>
    <datafield tag="942" ind1=" " ind2=" ">
      <subfield code="c">BK</subfield>
    </datafield>
    <datafield tag="952" ind1=" " ind2=" ">
      <subfield code="a">BIB_RECT</subfield>
      <subfield code="b">BIB_UARG</subfield>
      <subfield code="d">2009-10-21</subfield>
      <subfield code="y">BK</subfield>
      <subfield code="p">05-38439</subfield>
      <subfield code="i">05-38439</subfield>
      <subfield code="g">59</subfield>
      <subfield code="o">342.72/.73 D431d</subfield>
      <subfield code="e">Asoc. Gremial Empleados Jurídicos</subfield>
      <subfield code="8">CG</subfield>
    </datafield>
  </record>