
  <record>
    <leader>01000aam  22002601a 4500</leader>
    <controlfield tag="001">YPZ92045</controlfield>
    <controlfield tag="003">YPZ</controlfield>
    <controlfield tag="005">200910211609590</controlfield>
    <controlfield tag="008">091021|###########||||||b||||||||||spa|d</controlfield>
    <datafield tag="020" ind1=" " ind2=" ">
      <subfield code="a">9789502910284</subfield>
    </datafield>
    <datafield tag="040" ind1=" " ind2=" ">
      <subfield code="c">SIUNPA</subfield>
    </datafield>
    <datafield tag="041" ind1=" " ind2=" ">
      <subfield code="a">spa</subfield>
    </datafield>
    <datafield tag="044" ind1=" " ind2=" ">
      <subfield code="a">AR</subfield>
    </datafield>
    <datafield tag="080" ind1=" " ind2=" ">
      <subfield code="a">338.47 J828e</subfield>
    </datafield>
    <datafield tag="110" ind1=" " ind2=" ">
      <subfield code="a">Jornada Ferrocarriles, Estado y Empresarios en Argentina, siglos XIX y XX (2003 : Buenos Aires).</subfield>
    </datafield>
    <datafield tag="245" ind1=" " ind2=" ">
      <subfield code="a">Estudios sobre la historia de los ferrocarriles argentinos</subfield>
      <subfield code="b"> : (1857-1940)</subfield>
      <subfield code="c"> / Schvarzer, Jorge, comp. ; Gómez, Teresita, comp. ; Rougier, Marcelo, comp.</subfield>
    </datafield>
    <datafield tag="260" ind1=" " ind2=" ">
      <subfield code="a">Buenos Aires</subfield>
      <subfield code="b"> : Facultad de Ciencias Económicas, Universidad de Buenos Aires</subfield>
      <subfield code="c"> , 2007</subfield>
    </datafield>
    <datafield tag="650" ind1=" " ind2=" ">
      <subfield code="a"> FERROCARRILES</subfield>
    </datafield>
    <datafield tag="650" ind1=" " ind2=" ">
      <subfield code="a"> HISTORIA ARGENTINA</subfield>
    </datafield>
    <datafield tag="650" ind1=" " ind2=" ">
      <subfield code="a"> ECONOMIA DEL TRANSPORTE</subfield>
    </datafield>
    <datafield tag="650" ind1=" " ind2=" ">
      <subfield code="a"> ARGENTINA</subfield>
    </datafield>
    <datafield tag="942" ind1=" " ind2=" ">
      <subfield code="c">BK</subfield>
    </datafield>
    <datafield tag="952" ind1=" " ind2=" ">
      <subfield code="a">BIB_RECT</subfield>
      <subfield code="b">BIB_UARG</subfield>
      <subfield code="d">2009-10-14</subfield>
      <subfield code="y">BK</subfield>
      <subfield code="p">05-38450</subfield>
      <subfield code="i">05-38450</subfield>
      <subfield code="g">45</subfield>
      <subfield code="o">338.47 J828e</subfield>
      <subfield code="e">Salerno, Elena</subfield>
      <subfield code="8">CG</subfield>
    </datafield>
  </record>