
  <record>
    <leader>01000aam  22002601a 4500</leader>
    <controlfield tag="001">YPZ92047</controlfield>
    <controlfield tag="003">YPZ</controlfield>
    <controlfield tag="005">200910211717580</controlfield>
    <controlfield tag="008">091021|###########||||||b||||||||||spa|d</controlfield>
    <datafield tag="020" ind1=" " ind2=" ">
      <subfield code="a">9789872366612</subfield>
    </datafield>
    <datafield tag="040" ind1=" " ind2=" ">
      <subfield code="c">SIUNPA</subfield>
    </datafield>
    <datafield tag="041" ind1=" " ind2=" ">
      <subfield code="a">spa</subfield>
    </datafield>
    <datafield tag="044" ind1=" " ind2=" ">
      <subfield code="a">AR</subfield>
    </datafield>
    <datafield tag="080" ind1=" " ind2=" ">
      <subfield code="a">378.4 J828n 8</subfield>
    </datafield>
    <datafield tag="110" ind1=" " ind2=" ">
      <subfield code="a">Jornadas Nacionales del Grupo de Trabajo Hacer la Historia (8 : 2008 : Córdoba).</subfield>
    </datafield>
    <datafield tag="710" ind1=" " ind2=" ">
      <subfield code="a">Jornadas Latinoamericanas del Grupo de Trabajo Hacer la Historia (5 : 2008 : Córdoba).</subfield>
    </datafield>
    <datafield tag="710" ind1=" " ind2=" ">
      <subfield code="a">Universidad Nacional de Córdoba, org..</subfield>
    </datafield>
    <datafield tag="245" ind1=" " ind2=" ">
      <subfield code="a">Qué universidad necesitan los pueblos</subfield>
      <subfield code="c"> / Antognazzi, Irma, comp ; Redondo, Nilda, comp.</subfield>
    </datafield>
    <datafield tag="250" ind1=" " ind2=" ">
      <subfield code="a">1a ed.</subfield>
    </datafield>
    <datafield tag="260" ind1=" " ind2=" ">
      <subfield code="a">Buenos Aires</subfield>
      <subfield code="b"> : Grupo de Trabajo Hacer la Historia</subfield>
      <subfield code="c"> , 2009</subfield>
    </datafield>
    <datafield tag="300" ind1=" " ind2=" ">
      <subfield code="a">xiii, 402 p. : </subfield>
      <subfield code="b">il. ; </subfield>
      <subfield code="a">54 p. : </subfield>
      <subfield code="b">il. ; </subfield>
      <subfield code="a">4 v. : </subfield>
      <subfield code="b">il. ; </subfield>
      <subfield code="a">186 p. : </subfield>
      <subfield code="a">233 p. : </subfield>
      <subfield code="b">il. ; </subfield>
      <subfield code="a">v, 42 p. : </subfield>
      <subfield code="b">il. ; </subfield>
      <subfield code="a">v, 72 p. : </subfield>
      <subfield code="b">il. ; </subfield>
      <subfield code="a">viii, 106 p. : </subfield>
      <subfield code="b">il. ; </subfield>
      <subfield code="a">164 p. : </subfield>
      <subfield code="a">2 v. : </subfield>
      <subfield code="a">171 p. : </subfield>
      <subfield code="b">il. ; </subfield>
      <subfield code="a">228 p. : </subfield>
      <subfield code="b">il. ; </subfield>
      <subfield code="a">91 p. : </subfield>
      <subfield code="b">il. ; </subfield>
      <subfield code="a">206 p. : </subfield>
      <subfield code="b">il. ; </subfield>
      <subfield code="a">126 p. : </subfield>
      <subfield code="a">224 p. : </subfield>
      <subfield code="a">285 p. : </subfield>
      <subfield code="a">134 p. : </subfield>
      <subfield code="a">356 p. : </subfield>
      <subfield code="a">173 p. : </subfield>
      <subfield code="a">362 p. : </subfield>
      <subfield code="a">290 p. : </subfield>
      <subfield code="a">457 p. : </subfield>
      <subfield code="a">358 p. : </subfield>
      <subfield code="b">il. ; </subfield>
      <subfield code="a">609 p. : </subfield>
      <subfield code="a">xxvii, 748 p. : </subfield>
      <subfield code="b">il. ; </subfield>
      <subfield code="a">xxviii, 547 p. : </subfield>
      <subfield code="b">il. ; </subfield>
      <subfield code="a">xix, 235 p. : </subfield>
      <subfield code="b">il. ; </subfield>
      <subfield code="a">xxi, 418 p. : </subfield>
      <subfield code="b">il. ; </subfield>
      <subfield code="a">592 p. : </subfield>
      <subfield code="b">il. ; </subfield>
      <subfield code="a">2 v. : </subfield>
      <subfield code="b">il. ; </subfield>
      <subfield code="a">xii, 496 p. : </subfield>
      <subfield code="b">il. ; </subfield>
      <subfield code="a">502, lxii p. : </subfield>
      <subfield code="b">il. ; </subfield>
      <subfield code="a">150 p. : </subfield>
      <subfield code="b">il. ; </subfield>
      <subfield code="a">87 p. : </subfield>
      <subfield code="b">il. ; </subfield>
      <subfield code="a">73 p. : </subfield>
      <subfield code="a">xxix, 604 p. : </subfield>
      <subfield code="b">il. ; </subfield>
      <subfield code="a">173 p. : </subfield>
      <subfield code="b">il. ; </subfield>
      <subfield code="a">x, 225 p. : </subfield>
      <subfield code="b">il. ; </subfield>
      <subfield code="a">il. : </subfield>
      <subfield code="a">vii, 600 p. : </subfield>
      <subfield code="b">il. ; </subfield>
      <subfield code="a">90 p. : </subfield>
      <subfield code="b">il. ; </subfield>
      <subfield code="a">xix, 436 p. : </subfield>
      <subfield code="b">il. ; </subfield>
      <subfield code="a">xviii, 773 p. : </subfield>
      <subfield code="b">il. ; </subfield>
      <subfield code="a">vii, 114 p. : </subfield>
      <subfield code="b">il. ; </subfield>
      <subfield code="a">372 p. : </subfield>
      <subfield code="b">il. ; </subfield>
      <subfield code="a">ix, 381 p. : </subfield>
      <subfield code="b">il. ; </subfield>
      <subfield code="a">251 p. : </subfield>
      <subfield code="a">xiii, 190 p. : </subfield>
      <subfield code="b">il. ; </subfield>
      <subfield code="a">357 p : </subfield>
      <subfield code="b">il. ; </subfield>
      <subfield code="a">9 v. en 8 t. : </subfield>
      <subfield code="a">108 p. : </subfield>
      <subfield code="b">il. ; </subfield>
      <subfield code="a">100 p. : </subfield>
      <subfield code="a">306 p. : </subfield>
      <subfield code="b">il. ; </subfield>
      <subfield code="a">129 p. : </subfield>
      <subfield code="b">il. ; </subfield>
      <subfield code="a">270 p. : </subfield>
      <subfield code="b">il. ; </subfield>
      <subfield code="a">125 p. : </subfield>
      <subfield code="a">344 p. : </subfield>
      <subfield code="e">1 CD-ROM en bolsillo</subfield>
    </datafield>
    <datafield tag="500" ind1=" " ind2=" ">
      <subfield code="a">Tít. de partida: A 90 años de la reforma universitaria 1918-2008</subfield>
    </datafield>
    <datafield tag="505" ind1=" " ind2=" ">
      <subfield code="a">Contenido del CD-ROM: Programa de las mesas temáticas y los textos de las ponencias presentadas</subfield>
    </datafield>
    <datafield tag="650" ind1=" " ind2=" ">
      <subfield code="a"> UNIVERSIDADES</subfield>
    </datafield>
    <datafield tag="650" ind1=" " ind2=" ">
      <subfield code="a"> REFORMA UNIVERSITARIA</subfield>
    </datafield>
    <datafield tag="650" ind1=" " ind2=" ">
      <subfield code="a"> ARGENTINA</subfield>
    </datafield>
    <datafield tag="650" ind1=" " ind2=" ">
      <subfield code="a"> AMERICA LATINA</subfield>
    </datafield>
    <datafield tag="942" ind1=" " ind2=" ">
      <subfield code="c">BK</subfield>
    </datafield>
    <datafield tag="952" ind1=" " ind2=" ">
      <subfield code="a">BIB_RECT</subfield>
      <subfield code="b">BIB_UASJ</subfield>
      <subfield code="d">2012-11-09</subfield>
      <subfield code="y">BK</subfield>
      <subfield code="p">04-43503</subfield>
      <subfield code="i">04-43503</subfield>
      <subfield code="g">80</subfield>
      <subfield code="o">378.4 J828n 8</subfield>
      <subfield code="e">Donación Ossana, Edgardo (Rosario)</subfield>
      <subfield code="8">CG</subfield>
    </datafield>
    <datafield tag="952" ind1=" " ind2=" ">
      <subfield code="a">BIB_RECT</subfield>
      <subfield code="b">BIB_UARG</subfield>
      <subfield code="d">2009-10-14</subfield>
      <subfield code="y">BK</subfield>
      <subfield code="p">05-38441</subfield>
      <subfield code="i">05-38441</subfield>
      <subfield code="g">40</subfield>
      <subfield code="o">378.4 J828n 8</subfield>
      <subfield code="e">GIESALPA</subfield>
      <subfield code="8">CG</subfield>
    </datafield>
  </record>