
  <record>
    <leader>01000aam  22002601a 4500</leader>
    <controlfield tag="001">YPZ92054</controlfield>
    <controlfield tag="003">YPZ</controlfield>
    <controlfield tag="005">200910231550470</controlfield>
    <controlfield tag="008">091023|###########||||||b||||||||||spa|d</controlfield>
    <datafield tag="020" ind1=" " ind2=" ">
      <subfield code="a">9501277275</subfield>
    </datafield>
    <datafield tag="040" ind1=" " ind2=" ">
      <subfield code="c">SIUNPA</subfield>
    </datafield>
    <datafield tag="041" ind1=" " ind2=" ">
      <subfield code="a">spa</subfield>
    </datafield>
    <datafield tag="044" ind1=" " ind2=" ">
      <subfield code="a">AR</subfield>
    </datafield>
    <datafield tag="080" ind1=" " ind2=" ">
      <subfield code="a">94(82) H195de3</subfield>
    </datafield>
    <datafield tag="100" ind1=" " ind2=" ">
      <subfield code="a">Halperin Donghi, Tulio.</subfield>
    </datafield>
    <datafield tag="245" ind1=" " ind2=" ">
      <subfield code="a">La democracia de masas</subfield>
    </datafield>
    <datafield tag="250" ind1=" " ind2=" ">
      <subfield code="a">3a ed.</subfield>
    </datafield>
    <datafield tag="260" ind1=" " ind2=" ">
      <subfield code="a">Buenos Aires</subfield>
      <subfield code="b"> : Paidós</subfield>
      <subfield code="c"> , 2000</subfield>
    </datafield>
    <datafield tag="440" ind1=" " ind2=" ">
      <subfield code="a">Colección textos y lecturas en ciencias sociales</subfield>
      <subfield code="a">Colección CISEA / Imago Mundi</subfield>
      <subfield code="a">Colección Psicología y Educación</subfield>
      <subfield code="a">Biblioteca filosófica</subfield>
      <subfield code="a">Historia argentina / Paidós</subfield>
      <subfield code="v">7</subfield>
    </datafield>
    <datafield tag="490" ind1=" " ind2=" ">
      <subfield code="a">Colección textos y lecturas en ciencias sociales</subfield>
      <subfield code="a">Colección CISEA / Imago Mundi</subfield>
      <subfield code="a">Colección Psicología y Educación</subfield>
      <subfield code="a">Biblioteca filosófica</subfield>
      <subfield code="a">Historia argentina / Paidós</subfield>
      <subfield code="v">7</subfield>
    </datafield>
    <datafield tag="650" ind1=" " ind2=" ">
      <subfield code="a"> HISTORIA ARGENTINA</subfield>
    </datafield>
    <datafield tag="650" ind1=" " ind2=" ">
      <subfield code="a"> PERONISMO</subfield>
    </datafield>
    <datafield tag="650" ind1=" " ind2=" ">
      <subfield code="a"> DEMOCRACIA</subfield>
    </datafield>
    <datafield tag="650" ind1=" " ind2=" ">
      <subfield code="a"> SIGLO XX</subfield>
    </datafield>
    <datafield tag="942" ind1=" " ind2=" ">
      <subfield code="c">BK</subfield>
    </datafield>
    <datafield tag="952" ind1=" " ind2=" ">
      <subfield code="a">BIB_RECT</subfield>
      <subfield code="b">BIB_UARG</subfield>
      <subfield code="d">2009-10-23</subfield>
      <subfield code="y">BK</subfield>
      <subfield code="p">05-13625</subfield>
      <subfield code="i">05-13625</subfield>
      <subfield code="g">38</subfield>
      <subfield code="o">94(82) H195de3</subfield>
      <subfield code="e">FOMEC 585</subfield>
      <subfield code="8">CG</subfield>
    </datafield>
  </record>