
  <record>
    <leader>01000aam  22002601a 4500</leader>
    <controlfield tag="001">YPZ92060</controlfield>
    <controlfield tag="003">YPZ</controlfield>
    <controlfield tag="005">200910231650050</controlfield>
    <controlfield tag="008">091023|###########||||||b||||||||||spa|d</controlfield>
    <datafield tag="040" ind1=" " ind2=" ">
      <subfield code="c">SIUNPA</subfield>
    </datafield>
    <datafield tag="041" ind1=" " ind2=" ">
      <subfield code="a">spa</subfield>
    </datafield>
    <datafield tag="044" ind1=" " ind2=" ">
      <subfield code="a">AR</subfield>
    </datafield>
    <datafield tag="080" ind1=" " ind2=" ">
      <subfield code="a">930.85(7/8) L523c3</subfield>
    </datafield>
    <datafield tag="100" ind1=" " ind2=" ">
      <subfield code="a">Lehmann, Henri.</subfield>
    </datafield>
    <datafield tag="245" ind1=" " ind2=" ">
      <subfield code="a">Las culturas precolombinas</subfield>
      <subfield code="c"> / Payró de Bonfanti, Mariana, tr. ; Krapovickas, Pedro, rev. técnica</subfield>
    </datafield>
    <datafield tag="250" ind1=" " ind2=" ">
      <subfield code="a">3a ed.</subfield>
    </datafield>
    <datafield tag="260" ind1=" " ind2=" ">
      <subfield code="a">Buenos Aires</subfield>
      <subfield code="b"> : Eudeba</subfield>
      <subfield code="c"> , 1964</subfield>
    </datafield>
    <datafield tag="440" ind1=" " ind2=" ">
      <subfield code="a">Los fundamentales</subfield>
      <subfield code="a">Los fundamentales</subfield>
      <subfield code="a">Biblioteca filosófica</subfield>
      <subfield code="a">Biblioteca filosófica</subfield>
      <subfield code="a">Biblioteca filosófica</subfield>
      <subfield code="a">Lectores de Eudeba</subfield>
      <subfield code="v">4</subfield>
    </datafield>
    <datafield tag="490" ind1=" " ind2=" ">
      <subfield code="a">Los fundamentales</subfield>
      <subfield code="a">Los fundamentales</subfield>
      <subfield code="a">Biblioteca filosófica</subfield>
      <subfield code="a">Biblioteca filosófica</subfield>
      <subfield code="a">Biblioteca filosófica</subfield>
      <subfield code="a">Lectores de Eudeba</subfield>
      <subfield code="v">4</subfield>
    </datafield>
    <datafield tag="650" ind1=" " ind2=" ">
      <subfield code="a"> CIVILIZACION PRECOLOMBINA</subfield>
    </datafield>
    <datafield tag="650" ind1=" " ind2=" ">
      <subfield code="a"> CULTURA</subfield>
    </datafield>
    <datafield tag="650" ind1=" " ind2=" ">
      <subfield code="a"> INDIGENAS</subfield>
    </datafield>
    <datafield tag="650" ind1=" " ind2=" ">
      <subfield code="a"> ANTROPOLOGIA CULTURAL</subfield>
    </datafield>
    <datafield tag="650" ind1=" " ind2=" ">
      <subfield code="a"> HISTORIA DE AMERICA LATINA</subfield>
    </datafield>
    <datafield tag="942" ind1=" " ind2=" ">
      <subfield code="c">BK</subfield>
    </datafield>
    <datafield tag="952" ind1=" " ind2=" ">
      <subfield code="a">BIB_RECT</subfield>
      <subfield code="b">BIB_UARG</subfield>
      <subfield code="d">2009-10-23</subfield>
      <subfield code="y">BK</subfield>
      <subfield code="p">05-04402</subfield>
      <subfield code="i">05-04402</subfield>
      <subfield code="g">28</subfield>
      <subfield code="o">930.85(7/8) L523c3</subfield>
      <subfield code="e">Terrone, Jorge</subfield>
      <subfield code="8">CG</subfield>
    </datafield>
  </record>