
  <record>
    <leader>01000aam  22002601a 4500</leader>
    <controlfield tag="001">YPZ92083</controlfield>
    <controlfield tag="003">YPZ</controlfield>
    <controlfield tag="005">200910261809150</controlfield>
    <controlfield tag="008">091026|###########||||||b||||||||||spa|d</controlfield>
    <datafield tag="040" ind1=" " ind2=" ">
      <subfield code="c">SIUNPA</subfield>
    </datafield>
    <datafield tag="041" ind1=" " ind2=" ">
      <subfield code="a">spa</subfield>
    </datafield>
    <datafield tag="044" ind1=" " ind2=" ">
      <subfield code="a">AR</subfield>
    </datafield>
    <datafield tag="080" ind1=" " ind2=" ">
      <subfield code="a">141.131  P718d6</subfield>
    </datafield>
    <datafield tag="100" ind1=" " ind2=" ">
      <subfield code="a">Platón.</subfield>
    </datafield>
    <datafield tag="245" ind1=" " ind2=" ">
      <subfield code="a">Diálogos</subfield>
    </datafield>
    <datafield tag="250" ind1=" " ind2=" ">
      <subfield code="a">6a ed.</subfield>
    </datafield>
    <datafield tag="260" ind1=" " ind2=" ">
      <subfield code="a">Buenos Aires</subfield>
      <subfield code="b"> : Espasa-Calpe Argentina</subfield>
      <subfield code="c"> , 1943</subfield>
    </datafield>
    <datafield tag="440" ind1=" " ind2=" ">
      <subfield code="a">Colección Historia y sociedad</subfield>
      <subfield code="a">Serie sistemas de procesamiento electrónico</subfield>
      <subfield code="a">Sección de obras de Filosofía</subfield>
      <subfield code="a">Sección de obras de Filosofía</subfield>
      <subfield code="a">Sección de obras de Filosofía</subfield>
      <subfield code="a">Colección Austral</subfield>
      <subfield code="v">44</subfield>
    </datafield>
    <datafield tag="490" ind1=" " ind2=" ">
      <subfield code="a">Colección Historia y sociedad</subfield>
      <subfield code="a">Serie sistemas de procesamiento electrónico</subfield>
      <subfield code="a">Sección de obras de Filosofía</subfield>
      <subfield code="a">Sección de obras de Filosofía</subfield>
      <subfield code="a">Sección de obras de Filosofía</subfield>
      <subfield code="a">Colección Austral</subfield>
      <subfield code="v">44</subfield>
    </datafield>
    <datafield tag="505" ind1=" " ind2=" ">
      <subfield code="a">Contenido: Fedón, o de la inmortalidad del alma -- El banquete, o del amor -- Gorgias, o de la retórica</subfield>
    </datafield>
    <datafield tag="650" ind1=" " ind2=" ">
      <subfield code="a"> FILOSOFIA GRIEGA</subfield>
    </datafield>
    <datafield tag="650" ind1=" " ind2=" ">
      <subfield code="a"> PLATON (428</subfield>
    </datafield>
    <datafield tag="650" ind1=" " ind2=" ">
      <subfield code="a">354 a.c.)</subfield>
    </datafield>
    <datafield tag="942" ind1=" " ind2=" ">
      <subfield code="c">BK</subfield>
    </datafield>
    <datafield tag="952" ind1=" " ind2=" ">
      <subfield code="a">BIB_RECT</subfield>
      <subfield code="b">BIB_UARG</subfield>
      <subfield code="d">2009-10-26</subfield>
      <subfield code="y">BK</subfield>
      <subfield code="p">05-03120</subfield>
      <subfield code="i">05-03120</subfield>
      <subfield code="g">39</subfield>
      <subfield code="o">141.131  P718d6</subfield>
      <subfield code="e">Donación</subfield>
      <subfield code="8">CG</subfield>
    </datafield>
  </record>