
  <record>
    <leader>01000aam  22002601a 4500</leader>
    <controlfield tag="001">YPZ92084</controlfield>
    <controlfield tag="003">YPZ</controlfield>
    <controlfield tag="005">200910271424180</controlfield>
    <controlfield tag="008">091027|###########||||||b||||||||||spa|d</controlfield>
    <datafield tag="040" ind1=" " ind2=" ">
      <subfield code="c">SIUNPA</subfield>
    </datafield>
    <datafield tag="041" ind1=" " ind2=" ">
      <subfield code="a">spa</subfield>
    </datafield>
    <datafield tag="044" ind1=" " ind2=" ">
      <subfield code="a">MX</subfield>
    </datafield>
    <datafield tag="080" ind1=" " ind2=" ">
      <subfield code="a">141.131 P718d3</subfield>
    </datafield>
    <datafield tag="100" ind1=" " ind2=" ">
      <subfield code="a">Platón.</subfield>
    </datafield>
    <datafield tag="245" ind1=" " ind2=" ">
      <subfield code="a">Diálogos</subfield>
      <subfield code="c"> / Larroyo, Francisco, estudio prelim.</subfield>
    </datafield>
    <datafield tag="250" ind1=" " ind2=" ">
      <subfield code="a">3a ed.</subfield>
    </datafield>
    <datafield tag="260" ind1=" " ind2=" ">
      <subfield code="a">México, D.F.</subfield>
      <subfield code="b"> : Porrúa</subfield>
      <subfield code="c"> , 1965</subfield>
    </datafield>
    <datafield tag="440" ind1=" " ind2=" ">
      <subfield code="a">Colección sepan cuántos...</subfield>
      <subfield code="v">13</subfield>
    </datafield>
    <datafield tag="490" ind1=" " ind2=" ">
      <subfield code="a">Colección sepan cuántos...</subfield>
      <subfield code="v">13</subfield>
    </datafield>
    <datafield tag="505" ind1=" " ind2=" ">
      <subfield code="a">Contenido: Eutifrón o de la santidad -- Apología de Sócrates -- Critón o el deber -- Laques o del valor -- Hipias mayor o de lo bello -- Lysis o de la amistad -- Carmides o de la templanza -- Protágoras o de los Sofistas -- Gorgias o de la retórica -- Cratilo o del lenguaje -- Menón o de la virtud -- Teetetes o de las ciencia -- Ion o de la poesía -- Fedón o del alma -- Symposio (El banquete) o de la erótica -- La república o de lo justo -- Timeo o de la naturaleza -- Critias o de la Atlántida -- Fedro o del amor</subfield>
    </datafield>
    <datafield tag="650" ind1=" " ind2=" ">
      <subfield code="a"> FILOSOFIA GRIEGA</subfield>
    </datafield>
    <datafield tag="942" ind1=" " ind2=" ">
      <subfield code="c">BK</subfield>
    </datafield>
    <datafield tag="952" ind1=" " ind2=" ">
      <subfield code="a">BIB_RECT</subfield>
      <subfield code="b">BIB_UARG</subfield>
      <subfield code="d">2009-10-27</subfield>
      <subfield code="y">BK</subfield>
      <subfield code="p">05-00123</subfield>
      <subfield code="i">05-00123</subfield>
      <subfield code="g">49</subfield>
      <subfield code="o">141.131 P718d3</subfield>
      <subfield code="e">Donación</subfield>
      <subfield code="8">CG</subfield>
    </datafield>
  </record>