
  <record>
    <leader>01000aam  22002601a 4500</leader>
    <controlfield tag="001">YPZ92093</controlfield>
    <controlfield tag="003">YPZ</controlfield>
    <controlfield tag="005">200910281753590</controlfield>
    <controlfield tag="008">091028|###########||||||b||||||||||spa|d</controlfield>
    <datafield tag="020" ind1=" " ind2=" ">
      <subfield code="a">8432301183 (o.c.)</subfield>
    </datafield>
    <datafield tag="020" ind1=" " ind2=" ">
      <subfield code="a">8432300047 (v.11)</subfield>
    </datafield>
    <datafield tag="040" ind1=" " ind2=" ">
      <subfield code="c">SIUNPA</subfield>
    </datafield>
    <datafield tag="041" ind1=" " ind2=" ">
      <subfield code="a">spa</subfield>
    </datafield>
    <datafield tag="044" ind1=" " ind2=" ">
      <subfield code="a">ES</subfield>
    </datafield>
    <datafield tag="080" ind1=" " ind2=" ">
      <subfield code="a">94'04/14' L516b19</subfield>
    </datafield>
    <datafield tag="100" ind1=" " ind2=" ">
      <subfield code="a">Le Goff, Jacques.</subfield>
    </datafield>
    <datafield tag="245" ind1=" " ind2=" ">
      <subfield code="a">La baja Edad Media</subfield>
      <subfield code="c"> / Ortiz, Lourdes, tr.</subfield>
    </datafield>
    <datafield tag="250" ind1=" " ind2=" ">
      <subfield code="a">19a ed.</subfield>
    </datafield>
    <datafield tag="260" ind1=" " ind2=" ">
      <subfield code="a">Madrid</subfield>
      <subfield code="b"> : Siglo XXI</subfield>
      <subfield code="c"> , 1990</subfield>
    </datafield>
    <datafield tag="440" ind1=" " ind2=" ">
      <subfield code="a">Historia universal Siglo XXI</subfield>
      <subfield code="v">v. 11</subfield>
    </datafield>
    <datafield tag="490" ind1=" " ind2=" ">
      <subfield code="a">Historia universal Siglo XXI</subfield>
      <subfield code="v">v. 11</subfield>
    </datafield>
    <datafield tag="650" ind1=" " ind2=" ">
      <subfield code="a"> HISTORIA MEDIEVAL</subfield>
    </datafield>
    <datafield tag="942" ind1=" " ind2=" ">
      <subfield code="c">BK</subfield>
    </datafield>
    <datafield tag="952" ind1=" " ind2=" ">
      <subfield code="a">BIB_RECT</subfield>
      <subfield code="b">BIB_UARG</subfield>
      <subfield code="d">2009-10-28</subfield>
      <subfield code="y">BK</subfield>
      <subfield code="p">05-08023</subfield>
      <subfield code="i">05-08023</subfield>
      <subfield code="g">38</subfield>
      <subfield code="o">94'04/14' L516b19</subfield>
      <subfield code="e">ACUER.073/94</subfield>
      <subfield code="8">CG</subfield>
    </datafield>
  </record>