
  <record>
    <leader>01000aam  22002601a 4500</leader>
    <controlfield tag="001">YPZ92127</controlfield>
    <controlfield tag="003">YPZ</controlfield>
    <controlfield tag="005">200911031540340</controlfield>
    <controlfield tag="008">091103|###########||||||b||||||||||spa|d</controlfield>
    <datafield tag="020" ind1=" " ind2=" ">
      <subfield code="a">9789872347819</subfield>
    </datafield>
    <datafield tag="040" ind1=" " ind2=" ">
      <subfield code="c">SIUNPA</subfield>
    </datafield>
    <datafield tag="041" ind1=" " ind2=" ">
      <subfield code="a">spa</subfield>
    </datafield>
    <datafield tag="044" ind1=" " ind2=" ">
      <subfield code="a">AR</subfield>
    </datafield>
    <datafield tag="080" ind1=" " ind2=" ">
      <subfield code="a">159.97 C749a 4</subfield>
    </datafield>
    <datafield tag="110" ind1=" " ind2=" ">
      <subfield code="a">Congreso Argentino de Salud Mental (4 : 2009 : Buenos Aires).</subfield>
    </datafield>
    <datafield tag="710" ind1=" " ind2=" ">
      <subfield code="a">Encuentro Interamericano de Salud Mental (4 : 2009 : Buenos Aires).</subfield>
    </datafield>
    <datafield tag="710" ind1=" " ind2=" ">
      <subfield code="a">Encuentro Iberoamericano de Políticas en Salud Mental (1 : 2009 : Buenos Aires).</subfield>
    </datafield>
    <datafield tag="245" ind1=" " ind2=" ">
      <subfield code="a">El padecimiento mental</subfield>
      <subfield code="b"> : entre la salud y la enfermedad</subfield>
      <subfield code="c"> / Trimboli, Alberto, comp. ; Fantin, Juan Carlos, comp. ; Raggi, Silvia, comp. ; Fridman, Pablo, comp. ; Grande, Eduardo, comp. ; Bertran, Gustavo, comp.</subfield>
    </datafield>
    <datafield tag="260" ind1=" " ind2=" ">
      <subfield code="a">Buenos Aires</subfield>
      <subfield code="b"> : Asociación Argentina de Salud Mental, AASM</subfield>
      <subfield code="c"> , 2009</subfield>
    </datafield>
    <datafield tag="500" ind1=" " ind2=" ">
      <subfield code="a">Trabajos presentados en el Cuarto Congreso Argentino de Salud Mental</subfield>
    </datafield>
    <datafield tag="650" ind1=" " ind2=" ">
      <subfield code="a"> PSIQUIATRIA</subfield>
    </datafield>
    <datafield tag="650" ind1=" " ind2=" ">
      <subfield code="a"> SALUD MENTAL</subfield>
    </datafield>
    <datafield tag="650" ind1=" " ind2=" ">
      <subfield code="a"> PSICOPATOLOGIA</subfield>
    </datafield>
    <datafield tag="650" ind1=" " ind2=" ">
      <subfield code="a"> PSICOANALISIS</subfield>
    </datafield>
    <datafield tag="650" ind1=" " ind2=" ">
      <subfield code="a"> PSICOLOGIA</subfield>
    </datafield>
    <datafield tag="942" ind1=" " ind2=" ">
      <subfield code="c">BK</subfield>
    </datafield>
    <datafield tag="952" ind1=" " ind2=" ">
      <subfield code="a">BIB_RECT</subfield>
      <subfield code="b">BIB_UARG</subfield>
      <subfield code="d">2009-11-03</subfield>
      <subfield code="y">BK</subfield>
      <subfield code="p">05-38501</subfield>
      <subfield code="i">05-38501</subfield>
      <subfield code="g">79</subfield>
      <subfield code="o">159.97 C749a 4</subfield>
      <subfield code="e">PI 29/A233/1</subfield>
      <subfield code="8">CG</subfield>
    </datafield>
    <datafield tag="952" ind1=" " ind2=" ">
      <subfield code="a">BIB_RECT</subfield>
      <subfield code="b">BIB_UARG</subfield>
      <subfield code="d">2009-11-09</subfield>
      <subfield code="y">BK</subfield>
      <subfield code="p">05-38516</subfield>
      <subfield code="i">05-38516</subfield>
      <subfield code="g">79</subfield>
      <subfield code="o">159.97 C749a 4</subfield>
      <subfield code="e">PI 29/A233/1</subfield>
      <subfield code="8">CG</subfield>
    </datafield>
  </record>