
  <record>
    <leader>01000aam  22002601a 4500</leader>
    <controlfield tag="001">YPZ92131</controlfield>
    <controlfield tag="003">YPZ</controlfield>
    <controlfield tag="005">200911041340000</controlfield>
    <controlfield tag="008">091104|###########||||||b||||||||||spa|d</controlfield>
    <datafield tag="040" ind1=" " ind2=" ">
      <subfield code="c">SIUNPA</subfield>
    </datafield>
    <datafield tag="041" ind1=" " ind2=" ">
      <subfield code="a">spa</subfield>
    </datafield>
    <datafield tag="044" ind1=" " ind2=" ">
      <subfield code="a">AR</subfield>
    </datafield>
    <datafield tag="080" ind1=" " ind2=" ">
      <subfield code="a">338.1(82) C932c</subfield>
    </datafield>
    <datafield tag="245" ind1=" " ind2=" ">
      <subfield code="a">Crisis, recuperación y nuevos dilemas</subfield>
      <subfield code="b"> : la economía argentina 2002-2007</subfield>
      <subfield code="c"> / Kosacoff, Bernardo, ed.</subfield>
    </datafield>
    <datafield tag="260" ind1=" " ind2=" ">
      <subfield code="a">Buenos Aires</subfield>
      <subfield code="b"> : Oficina de la CEPAL en Buenos Aires</subfield>
      <subfield code="c"> , 2007</subfield>
    </datafield>
    <datafield tag="650" ind1=" " ind2=" ">
      <subfield code="a"> ECONOMIA ARGENTINA</subfield>
    </datafield>
    <datafield tag="650" ind1=" " ind2=" ">
      <subfield code="a"> CRISIS ECONOMICA</subfield>
    </datafield>
    <datafield tag="650" ind1=" " ind2=" ">
      <subfield code="a"> MICROECONOMIA</subfield>
    </datafield>
    <datafield tag="650" ind1=" " ind2=" ">
      <subfield code="a"> CRECIMIENTO ECONOMICO</subfield>
    </datafield>
    <datafield tag="650" ind1=" " ind2=" ">
      <subfield code="a"> POLITICA ECONOMICA </subfield>
    </datafield>
    <datafield tag="650" ind1=" " ind2=" ">
      <subfield code="a"> SECTORES ECONOMICOS</subfield>
    </datafield>
    <datafield tag="942" ind1=" " ind2=" ">
      <subfield code="c">BK</subfield>
    </datafield>
    <datafield tag="952" ind1=" " ind2=" ">
      <subfield code="a">BIB_RECT</subfield>
      <subfield code="b">BIB_UARG</subfield>
      <subfield code="d">2009-11-04</subfield>
      <subfield code="y">BK</subfield>
      <subfield code="p">05-38485</subfield>
      <subfield code="i">05-38485</subfield>
      <subfield code="g">90</subfield>
      <subfield code="o">338.1(82) C932c</subfield>
      <subfield code="e">Donación Cepal</subfield>
      <subfield code="8">CG</subfield>
    </datafield>
  </record>