
  <record>
    <leader>01000aam  22002601a 4500</leader>
    <controlfield tag="001">YPZ92133</controlfield>
    <controlfield tag="003">YPZ</controlfield>
    <controlfield tag="005">200911041416540</controlfield>
    <controlfield tag="008">091104|###########||||||b||||||||||spa|d</controlfield>
    <datafield tag="020" ind1=" " ind2=" ">
      <subfield code="a">9789507213106</subfield>
    </datafield>
    <datafield tag="040" ind1=" " ind2=" ">
      <subfield code="c">SIUNPA</subfield>
    </datafield>
    <datafield tag="041" ind1=" " ind2=" ">
      <subfield code="a">spa</subfield>
    </datafield>
    <datafield tag="044" ind1=" " ind2=" ">
      <subfield code="a">AR</subfield>
    </datafield>
    <datafield tag="080" ind1=" " ind2=" ">
      <subfield code="a">130.2 E595a</subfield>
    </datafield>
    <datafield tag="100" ind1=" " ind2=" ">
      <subfield code="a">Enrici, Aldo.</subfield>
    </datafield>
    <datafield tag="245" ind1=" " ind2=" ">
      <subfield code="a">An-tropos o el hombre posterior</subfield>
      <subfield code="b"> : desde la muerte del hombre a una antropología sin hombre</subfield>
    </datafield>
    <datafield tag="250" ind1=" " ind2=" ">
      <subfield code="a">1a ed.</subfield>
    </datafield>
    <datafield tag="260" ind1=" " ind2=" ">
      <subfield code="a">San Salvador de Jujuy</subfield>
      <subfield code="b"> : Universidad Nacional de Jujuy. Facultad de Humanidades y Ciencias Sociales</subfield>
      <subfield code="c"> , 2008</subfield>
    </datafield>
    <datafield tag="440" ind1=" " ind2=" ">
      <subfield code="a">Serie cultural y naturaleza en los Andes. Documento</subfield>
      <subfield code="v">no. 3</subfield>
    </datafield>
    <datafield tag="490" ind1=" " ind2=" ">
      <subfield code="a">Serie cultural y naturaleza en los Andes. Documento</subfield>
      <subfield code="v">no. 3</subfield>
    </datafield>
    <datafield tag="500" ind1=" " ind2=" ">
      <subfield code="a">En portada: Horacio Mercau, Jorge Kulemeyer, Pamela Álvarez</subfield>
    </datafield>
    <datafield tag="650" ind1=" " ind2=" ">
      <subfield code="a"> FILOSOFIA CULTURAL</subfield>
    </datafield>
    <datafield tag="650" ind1=" " ind2=" ">
      <subfield code="a"> ANTROPOLOGIA FILOSOFICA</subfield>
    </datafield>
    <datafield tag="942" ind1=" " ind2=" ">
      <subfield code="c">BK</subfield>
    </datafield>
    <datafield tag="952" ind1=" " ind2=" ">
      <subfield code="a">BIB_RECT</subfield>
      <subfield code="b">BIB_UARG</subfield>
      <subfield code="d">2009-11-04</subfield>
      <subfield code="y">BK</subfield>
      <subfield code="p">05-38490</subfield>
      <subfield code="i">05-38490</subfield>
      <subfield code="g">49</subfield>
      <subfield code="o">130.2 E595a</subfield>
      <subfield code="e">Donación Enrici, Aldo</subfield>
      <subfield code="8">CG</subfield>
    </datafield>
    <datafield tag="952" ind1=" " ind2=" ">
      <subfield code="a">BIB_RECT</subfield>
      <subfield code="b">BIB_UARG</subfield>
      <subfield code="d">2010-08-30</subfield>
      <subfield code="y">BK</subfield>
      <subfield code="p">05-39701</subfield>
      <subfield code="i">05-39701</subfield>
      <subfield code="g">49</subfield>
      <subfield code="o">130.2 E595a</subfield>
      <subfield code="e">Donación Enrici - Acuerd. 493/10</subfield>
      <subfield code="8">CG</subfield>
    </datafield>
    <datafield tag="952" ind1=" " ind2=" ">
      <subfield code="a">BIB_RECT</subfield>
      <subfield code="b">BIB_UARG</subfield>
      <subfield code="d">2010-08-30</subfield>
      <subfield code="y">BK</subfield>
      <subfield code="p">05-39702</subfield>
      <subfield code="i">05-39702</subfield>
      <subfield code="g">49</subfield>
      <subfield code="o">130.2 E595a</subfield>
      <subfield code="e">Donación Enrici - Acuerd. 493/10</subfield>
      <subfield code="8">CG</subfield>
    </datafield>
    <datafield tag="952" ind1=" " ind2=" ">
      <subfield code="a">BIB_RECT</subfield>
      <subfield code="b">BIB_UARG</subfield>
      <subfield code="d">2010-08-30</subfield>
      <subfield code="y">BK</subfield>
      <subfield code="p">05-39703</subfield>
      <subfield code="i">05-39703</subfield>
      <subfield code="g">49</subfield>
      <subfield code="o">130.2 E595a</subfield>
      <subfield code="e">Donación Enrici - Acuerd. 493/10</subfield>
      <subfield code="8">CG</subfield>
    </datafield>
    <datafield tag="952" ind1=" " ind2=" ">
      <subfield code="a">BIB_RECT</subfield>
      <subfield code="b">BIB_UARG</subfield>
      <subfield code="d">2010-08-30</subfield>
      <subfield code="y">BK</subfield>
      <subfield code="p">05-39704</subfield>
      <subfield code="i">05-39704</subfield>
      <subfield code="g">49</subfield>
      <subfield code="o">130.2 E595a</subfield>
      <subfield code="e">Donación Enrici - Acuerd. 493/10</subfield>
      <subfield code="8">CG</subfield>
    </datafield>
    <datafield tag="952" ind1=" " ind2=" ">
      <subfield code="a">BIB_RECT</subfield>
      <subfield code="b">BIB_UARG</subfield>
      <subfield code="d">2010-08-30</subfield>
      <subfield code="y">BK</subfield>
      <subfield code="p">05-39705</subfield>
      <subfield code="i">05-39705</subfield>
      <subfield code="g">49</subfield>
      <subfield code="o">130.2 E595a</subfield>
      <subfield code="e">Donación Enrici - Acuerd. 493/10</subfield>
      <subfield code="8">CG</subfield>
    </datafield>
    <datafield tag="952" ind1=" " ind2=" ">
      <subfield code="a">BIB_RECT</subfield>
      <subfield code="b">BIB_UARG</subfield>
      <subfield code="d">2011-02-11</subfield>
      <subfield code="y">BK</subfield>
      <subfield code="p">05-40453</subfield>
      <subfield code="i">05-40453</subfield>
      <subfield code="g">52</subfield>
      <subfield code="o">130.2 E595a</subfield>
      <subfield code="e">Donación</subfield>
      <subfield code="8">CG</subfield>
    </datafield>
    <datafield tag="952" ind1=" " ind2=" ">
      <subfield code="a">BIB_RECT</subfield>
      <subfield code="b">BIB_UARG</subfield>
      <subfield code="d">2011-02-11</subfield>
      <subfield code="y">BK</subfield>
      <subfield code="p">05-40454</subfield>
      <subfield code="i">05-40454</subfield>
      <subfield code="g">52</subfield>
      <subfield code="o">130.2 E595a</subfield>
      <subfield code="e">Donación</subfield>
      <subfield code="8">CG</subfield>
    </datafield>
    <datafield tag="952" ind1=" " ind2=" ">
      <subfield code="a">BIB_RECT</subfield>
      <subfield code="b">BIB_UARG</subfield>
      <subfield code="d">2011-02-11</subfield>
      <subfield code="y">BK</subfield>
      <subfield code="p">05-40455</subfield>
      <subfield code="i">05-40455</subfield>
      <subfield code="g">52</subfield>
      <subfield code="o">130.2 E595a</subfield>
      <subfield code="e">Donación</subfield>
      <subfield code="8">CG</subfield>
    </datafield>
  </record>