
  <record>
    <leader>01000aam  22002601a 4500</leader>
    <controlfield tag="001">YPZ92134</controlfield>
    <controlfield tag="003">YPZ</controlfield>
    <controlfield tag="005">200911041428510</controlfield>
    <controlfield tag="008">091104|###########||||||b||||||||||spa|d</controlfield>
    <datafield tag="020" ind1=" " ind2=" ">
      <subfield code="a">9507100830</subfield>
    </datafield>
    <datafield tag="040" ind1=" " ind2=" ">
      <subfield code="c">SIUNPA</subfield>
    </datafield>
    <datafield tag="041" ind1=" " ind2=" ">
      <subfield code="a">spa</subfield>
    </datafield>
    <datafield tag="044" ind1=" " ind2=" ">
      <subfield code="a">AR</subfield>
    </datafield>
    <datafield tag="080" ind1=" " ind2=" ">
      <subfield code="a">614.253(82) O686o</subfield>
    </datafield>
    <datafield tag="245" ind1=" " ind2=" ">
      <subfield code="a">Observatorio de recursos humanos en Argentina</subfield>
      <subfield code="b"> : información estratégica para la toma de decisiones</subfield>
    </datafield>
    <datafield tag="250" ind1=" " ind2=" ">
      <subfield code="a">1a ed.</subfield>
    </datafield>
    <datafield tag="260" ind1=" " ind2=" ">
      <subfield code="a">Buenos Aires</subfield>
      <subfield code="b"> : Organización Panamericana de la Salud</subfield>
      <subfield code="c"> , 2003</subfield>
    </datafield>
    <datafield tag="440" ind1=" " ind2=" ">
      <subfield code="a">Representación OPS/OMS en Argentina</subfield>
      <subfield code="v">58</subfield>
    </datafield>
    <datafield tag="490" ind1=" " ind2=" ">
      <subfield code="a">Representación OPS/OMS en Argentina</subfield>
      <subfield code="v">58</subfield>
    </datafield>
    <datafield tag="505" ind1=" " ind2=" ">
      <subfield code="a">Contenido: Primer estudio, Flexibilidad del mercado de trabajo y precarización del empleo. El caso del sector salud / Marta Novick; Pedro Gallin (p. 11-90) - Segundo estudio. Los recursos humanos en salud en Argentina. Una mirada a los datos / Mónica C. Abramzón (p. 91-135) - En cubierta: Dos estudios</subfield>
    </datafield>
    <datafield tag="650" ind1=" " ind2=" ">
      <subfield code="a"> RECURSOS HUMANOS</subfield>
    </datafield>
    <datafield tag="650" ind1=" " ind2=" ">
      <subfield code="a"> SALUD PUBLICA</subfield>
    </datafield>
    <datafield tag="650" ind1=" " ind2=" ">
      <subfield code="a"> PLANIFICACION ESTRATEGICA</subfield>
    </datafield>
    <datafield tag="650" ind1=" " ind2=" ">
      <subfield code="a"> ADMINISTRACION DE PERSONAL</subfield>
    </datafield>
    <datafield tag="650" ind1=" " ind2=" ">
      <subfield code="a"> ARGENTINA</subfield>
    </datafield>
    <datafield tag="942" ind1=" " ind2=" ">
      <subfield code="c">BK</subfield>
    </datafield>
    <datafield tag="952" ind1=" " ind2=" ">
      <subfield code="a">BIB_RECT</subfield>
      <subfield code="b">BIB_UARG</subfield>
      <subfield code="d">2009-10-29</subfield>
      <subfield code="y">BK</subfield>
      <subfield code="p">05-38498</subfield>
      <subfield code="i">05-38498</subfield>
      <subfield code="g">25</subfield>
      <subfield code="o">614.253(82) O686o</subfield>
      <subfield code="e">Donación Bravo, Mónica</subfield>
      <subfield code="8">CG</subfield>
    </datafield>
  </record>