
  <record>
    <leader>01000aam  22002601a 4500</leader>
    <controlfield tag="001">YPZ92138</controlfield>
    <controlfield tag="003">YPZ</controlfield>
    <controlfield tag="005">200911041641500</controlfield>
    <controlfield tag="008">091104|###########||||||b||||||||||spa|d</controlfield>
    <datafield tag="020" ind1=" " ind2=" ">
      <subfield code="a">9789879495964</subfield>
    </datafield>
    <datafield tag="040" ind1=" " ind2=" ">
      <subfield code="c">SIUNPA</subfield>
    </datafield>
    <datafield tag="041" ind1=" " ind2=" ">
      <subfield code="a">spa</subfield>
    </datafield>
    <datafield tag="044" ind1=" " ind2=" ">
      <subfield code="a">AR</subfield>
    </datafield>
    <datafield tag="080" ind1=" " ind2=" ">
      <subfield code="a">316.75 C735c</subfield>
    </datafield>
    <datafield tag="100" ind1=" " ind2=" ">
      <subfield code="a">Etchegaray, Ricardo.</subfield>
    </datafield>
    <datafield tag="700" ind1=" " ind2=" ">
      <subfield code="a">Chorroarín, Silvia.</subfield>
    </datafield>
    <datafield tag="700" ind1=" " ind2=" ">
      <subfield code="a">Pac, Andrea.</subfield>
    </datafield>
    <datafield tag="700" ind1=" " ind2=" ">
      <subfield code="a">Erramouspe, Pablo.</subfield>
    </datafield>
    <datafield tag="245" ind1=" " ind2=" ">
      <subfield code="a">¿Cómo no sentirme así? ¡si ese perro sigue allí!</subfield>
      <subfield code="b"> : sobre la permanencia de la ideología</subfield>
      <subfield code="c"> / Tzveibel, Alfredo, B., pról.</subfield>
    </datafield>
    <datafield tag="260" ind1=" " ind2=" ">
      <subfield code="a">San Justo</subfield>
      <subfield code="a">Buenos Aires</subfield>
      <subfield code="b"> : Universidad Nacional de La Matanza</subfield>
      <subfield code="b"> : Prometeo</subfield>
      <subfield code="c"> , 2009</subfield>
    </datafield>
    <datafield tag="650" ind1=" " ind2=" ">
      <subfield code="a"> IDEOLOGIA</subfield>
    </datafield>
    <datafield tag="942" ind1=" " ind2=" ">
      <subfield code="c">BK</subfield>
    </datafield>
    <datafield tag="952" ind1=" " ind2=" ">
      <subfield code="a">BIB_RECT</subfield>
      <subfield code="b">BIB_UARG</subfield>
      <subfield code="d">2009-11-04</subfield>
      <subfield code="y">BK</subfield>
      <subfield code="p">05-38489</subfield>
      <subfield code="i">05-38489</subfield>
      <subfield code="g">80</subfield>
      <subfield code="o">316.75 C735c</subfield>
      <subfield code="e">Donación Pac, Andrea</subfield>
      <subfield code="8">CG</subfield>
    </datafield>
  </record>