
  <record>
    <leader>01000aam  22002601a 4500</leader>
    <controlfield tag="001">YPZ92139</controlfield>
    <controlfield tag="003">YPZ</controlfield>
    <controlfield tag="005">200911041649080</controlfield>
    <controlfield tag="008">091104|###########||||||b||||||||||spa|d</controlfield>
    <datafield tag="020" ind1=" " ind2=" ">
      <subfield code="a">8430908870</subfield>
    </datafield>
    <datafield tag="040" ind1=" " ind2=" ">
      <subfield code="c">SIUNPA</subfield>
    </datafield>
    <datafield tag="041" ind1=" " ind2=" ">
      <subfield code="a">spa</subfield>
    </datafield>
    <datafield tag="044" ind1=" " ind2=" ">
      <subfield code="a">ES</subfield>
    </datafield>
    <datafield tag="080" ind1=" " ind2=" ">
      <subfield code="a">001.1 F434t</subfield>
    </datafield>
    <datafield tag="100" ind1=" " ind2=" ">
      <subfield code="a">Feyerabend, Paul.</subfield>
    </datafield>
    <datafield tag="245" ind1=" " ind2=" ">
      <subfield code="a">Tratado contra el método</subfield>
      <subfield code="b"> : esquema de una teoría anarquista del conocimiento</subfield>
      <subfield code="c"> / Ribes, Diego, tr.</subfield>
    </datafield>
    <datafield tag="260" ind1=" " ind2=" ">
      <subfield code="a">Madrid</subfield>
      <subfield code="b"> : Tecnos</subfield>
      <subfield code="c"> , 1986</subfield>
    </datafield>
    <datafield tag="650" ind1=" " ind2=" ">
      <subfield code="a"> FILOSOFIA DE LA CIENCIA</subfield>
    </datafield>
    <datafield tag="650" ind1=" " ind2=" ">
      <subfield code="a"> INVESTIGACION CIENTIFICA</subfield>
    </datafield>
    <datafield tag="650" ind1=" " ind2=" ">
      <subfield code="a"> METODO CIENTIFICO</subfield>
    </datafield>
    <datafield tag="942" ind1=" " ind2=" ">
      <subfield code="c">BK</subfield>
    </datafield>
    <datafield tag="952" ind1=" " ind2=" ">
      <subfield code="a">BIB_RECT</subfield>
      <subfield code="b">BIB_UARG</subfield>
      <subfield code="d">2009-11-04</subfield>
      <subfield code="y">BK</subfield>
      <subfield code="p">03-01216</subfield>
      <subfield code="i">03-01216</subfield>
      <subfield code="g">35</subfield>
      <subfield code="o">001.1 F434t</subfield>
      <subfield code="e">Decanato O/C 2000</subfield>
      <subfield code="8">CG</subfield>
    </datafield>
    <datafield tag="952" ind1=" " ind2=" ">
      <subfield code="a">BIB_RECT</subfield>
      <subfield code="b">BIB_UASJ</subfield>
      <subfield code="d">2009-11-04</subfield>
      <subfield code="y">BK</subfield>
      <subfield code="p">04-00082</subfield>
      <subfield code="i">04-00082</subfield>
      <subfield code="g">35</subfield>
      <subfield code="o">001.1 F434t</subfield>
      <subfield code="e">Migración UASJ</subfield>
      <subfield code="8">CG</subfield>
    </datafield>
    <datafield tag="952" ind1=" " ind2=" ">
      <subfield code="a">BIB_RECT</subfield>
      <subfield code="b">BIB_UASJ</subfield>
      <subfield code="d">2009-11-04</subfield>
      <subfield code="y">BK</subfield>
      <subfield code="p">04-00104</subfield>
      <subfield code="i">04-00104</subfield>
      <subfield code="g">35</subfield>
      <subfield code="o">001.1 F434t</subfield>
      <subfield code="e">Migración UASJ</subfield>
      <subfield code="8">CG</subfield>
    </datafield>
    <datafield tag="952" ind1=" " ind2=" ">
      <subfield code="a">BIB_RECT</subfield>
      <subfield code="b">BIB_UARG</subfield>
      <subfield code="d">2009-11-04</subfield>
      <subfield code="y">BK</subfield>
      <subfield code="p">05-07052</subfield>
      <subfield code="i">05-07052</subfield>
      <subfield code="g">35</subfield>
      <subfield code="o">001.1 F434t</subfield>
      <subfield code="e">Rectorado/92</subfield>
      <subfield code="8">CG</subfield>
    </datafield>
  </record>