
  <record>
    <leader>01000aam  22002601a 4500</leader>
    <controlfield tag="001">YPZ92144</controlfield>
    <controlfield tag="003">YPZ</controlfield>
    <controlfield tag="005">200911051342000</controlfield>
    <controlfield tag="008">091105|###########||||||b||||||||||spa|d</controlfield>
    <datafield tag="040" ind1=" " ind2=" ">
      <subfield code="c">SIUNPA</subfield>
    </datafield>
    <datafield tag="041" ind1=" " ind2=" ">
      <subfield code="a">spa</subfield>
    </datafield>
    <datafield tag="044" ind1=" " ind2=" ">
      <subfield code="a">ES</subfield>
    </datafield>
    <datafield tag="080" ind1=" " ind2=" ">
      <subfield code="a">821.134.2(7/8) H673h</subfield>
    </datafield>
    <datafield tag="245" ind1=" " ind2=" ">
      <subfield code="a">Historia general de las literaturas hispánicas</subfield>
      <subfield code="c"> / Díaz-Plaja,  Guillermo, dir. ; Menendez Pidal, Ramon, introd.</subfield>
    </datafield>
    <datafield tag="250" ind1=" " ind2=" ">
      <subfield code="a">1a ed.</subfield>
    </datafield>
    <datafield tag="260" ind1=" " ind2=" ">
      <subfield code="a">Barcelona</subfield>
      <subfield code="b"> : Barna</subfield>
      <subfield code="b"> : Vergara</subfield>
      <subfield code="c"> , 1949-1968</subfield>
    </datafield>
    <datafield tag="505" ind1=" " ind2=" ">
      <subfield code="a">Contenido: v.1. desde los orígenes hasta 1400 -- v.2. Pre renacimiento y renacimiento -- v.3. Renacimiento y barroco -- v.4. Siglos XVIII y XIX (1a y 2a pte.). -- v.5. Post-romanticismo y modernismo -- v.6. Literatura contemporánea</subfield>
    </datafield>
    <datafield tag="650" ind1=" " ind2=" ">
      <subfield code="a"> LITERATURA HISPANOAMERICANA</subfield>
    </datafield>
    <datafield tag="650" ind1=" " ind2=" ">
      <subfield code="a"> HISTORIA DE LA LITERATURA</subfield>
    </datafield>
    <datafield tag="942" ind1=" " ind2=" ">
      <subfield code="c">BK</subfield>
    </datafield>
    <datafield tag="952" ind1=" " ind2=" ">
      <subfield code="a">BIB_RECT</subfield>
      <subfield code="b">BIB_UARG</subfield>
      <subfield code="d">2009-11-05</subfield>
      <subfield code="y">BK</subfield>
      <subfield code="p">05-10241</subfield>
      <subfield code="i">05-10241</subfield>
      <subfield code="g">95</subfield>
      <subfield code="o">821.134.2(7/8) H673h</subfield>
      <subfield code="e">Donación Piombi, Ethel</subfield>
      <subfield code="8">CG</subfield>
    </datafield>
    <datafield tag="952" ind1=" " ind2=" ">
      <subfield code="a">BIB_RECT</subfield>
      <subfield code="b">BIB_UARG</subfield>
      <subfield code="d">2009-11-05</subfield>
      <subfield code="y">BK</subfield>
      <subfield code="p">05-10242</subfield>
      <subfield code="i">05-10242</subfield>
      <subfield code="g">95</subfield>
      <subfield code="o">821.134.2(7/8) H673h</subfield>
      <subfield code="e">Donación Piombi, Ethel</subfield>
      <subfield code="8">CG</subfield>
    </datafield>
    <datafield tag="952" ind1=" " ind2=" ">
      <subfield code="a">BIB_RECT</subfield>
      <subfield code="b">BIB_UARG</subfield>
      <subfield code="d">2009-11-05</subfield>
      <subfield code="y">BK</subfield>
      <subfield code="p">05-10243</subfield>
      <subfield code="i">05-10243</subfield>
      <subfield code="g">95</subfield>
      <subfield code="o">821.134.2(7/8) H673h</subfield>
      <subfield code="e">Donación Piombi, Ethel</subfield>
      <subfield code="8">CG</subfield>
    </datafield>
    <datafield tag="952" ind1=" " ind2=" ">
      <subfield code="a">BIB_RECT</subfield>
      <subfield code="b">BIB_UARG</subfield>
      <subfield code="d">2009-11-05</subfield>
      <subfield code="y">BK</subfield>
      <subfield code="p">05-10244</subfield>
      <subfield code="i">05-10244</subfield>
      <subfield code="g">95</subfield>
      <subfield code="o">821.134.2(7/8) H673h</subfield>
      <subfield code="e">Donación Piombi, Ethel</subfield>
      <subfield code="8">CG</subfield>
    </datafield>
    <datafield tag="952" ind1=" " ind2=" ">
      <subfield code="a">BIB_RECT</subfield>
      <subfield code="b">BIB_UARG</subfield>
      <subfield code="d">2009-11-05</subfield>
      <subfield code="y">BK</subfield>
      <subfield code="p">05-10245</subfield>
      <subfield code="i">05-10245</subfield>
      <subfield code="g">95</subfield>
      <subfield code="o">821.134.2(7/8) H673h</subfield>
      <subfield code="e">Donación Piombi, Ethel</subfield>
      <subfield code="8">CG</subfield>
    </datafield>
    <datafield tag="952" ind1=" " ind2=" ">
      <subfield code="a">BIB_RECT</subfield>
      <subfield code="b">BIB_UARG</subfield>
      <subfield code="d">2009-11-05</subfield>
      <subfield code="y">BK</subfield>
      <subfield code="p">05-10246</subfield>
      <subfield code="i">05-10246</subfield>
      <subfield code="g">95</subfield>
      <subfield code="o">821.134.2(7/8) H673h</subfield>
      <subfield code="e">Donación Piombi, Ethel</subfield>
      <subfield code="8">CG</subfield>
    </datafield>
    <datafield tag="952" ind1=" " ind2=" ">
      <subfield code="a">BIB_RECT</subfield>
      <subfield code="b">BIB_UARG</subfield>
      <subfield code="d">2009-12-03</subfield>
      <subfield code="y">BK</subfield>
      <subfield code="p">05-10247</subfield>
      <subfield code="i">05-10247</subfield>
      <subfield code="g">95</subfield>
      <subfield code="o">821.134.2(7/8) H673h</subfield>
      <subfield code="e">Desconocido</subfield>
      <subfield code="8">CG</subfield>
    </datafield>
  </record>