
  <record>
    <leader>01000aam  22002601a 4500</leader>
    <controlfield tag="001">YPZ92150</controlfield>
    <controlfield tag="003">YPZ</controlfield>
    <controlfield tag="005">200911051837190</controlfield>
    <controlfield tag="008">091105|###########||||||b||||||||||spa|d</controlfield>
    <datafield tag="040" ind1=" " ind2=" ">
      <subfield code="c">SIUNPA</subfield>
    </datafield>
    <datafield tag="041" ind1=" " ind2=" ">
      <subfield code="a">spa</subfield>
    </datafield>
    <datafield tag="044" ind1=" " ind2=" ">
      <subfield code="a">AR</subfield>
    </datafield>
    <datafield tag="080" ind1=" " ind2=" ">
      <subfield code="a">553(828.8) F989d</subfield>
    </datafield>
    <datafield tag="100" ind1=" " ind2=" ">
      <subfield code="a">Furque, Guillermo.</subfield>
    </datafield>
    <datafield tag="245" ind1=" " ind2=" ">
      <subfield code="a">Descripción geológica de la hoja 58b, Lago Argentino, provincia de Santa Cruz</subfield>
    </datafield>
    <datafield tag="260" ind1=" " ind2=" ">
      <subfield code="a">Buenos Aires</subfield>
      <subfield code="b"> : Secretaría de Estado de Recursos Naturales y Ambiente Humano, Subsecretaría de Minería, Servicio Nacional Minero Geológico</subfield>
      <subfield code="c"> , 1973</subfield>
    </datafield>
    <datafield tag="300" ind1=" " ind2=" ">
      <subfield code="a">86 p. : </subfield>
      <subfield code="b">il. ; </subfield>
      <subfield code="a">326 p. : </subfield>
      <subfield code="a">280 p. : </subfield>
      <subfield code="b">il. ; </subfield>
      <subfield code="a">131 p. : </subfield>
      <subfield code="b">il. ; </subfield>
      <subfield code="a">776 p. : </subfield>
      <subfield code="a">175 p. : </subfield>
      <subfield code="b">il. ; </subfield>
      <subfield code="a">543 p. : </subfield>
      <subfield code="a">543 p. : </subfield>
      <subfield code="a">776 p. : </subfield>
      <subfield code="a">776 p. : </subfield>
      <subfield code="a">776 p. : </subfield>
      <subfield code="a">135 p. : </subfield>
      <subfield code="b">il. ; </subfield>
      <subfield code="a">151 p. : </subfield>
      <subfield code="b">il. ; </subfield>
      <subfield code="a">151 p. : </subfield>
      <subfield code="a">238  p. : </subfield>
      <subfield code="b">il. ; </subfield>
      <subfield code="a">222 p. : </subfield>
      <subfield code="a">170 p. : </subfield>
      <subfield code="a">168 p. : </subfield>
      <subfield code="a">267 p. : </subfield>
      <subfield code="a">335 p. : </subfield>
      <subfield code="a">v. : </subfield>
      <subfield code="b">il. ; </subfield>
      <subfield code="a">335 p. : </subfield>
      <subfield code="a">xlviii, 345 p. : </subfield>
      <subfield code="b">il. ; </subfield>
      <subfield code="a">97 p. : </subfield>
      <subfield code="b">il. ; </subfield>
      <subfield code="a">xii, 291 p. : </subfield>
      <subfield code="b">il. ; </subfield>
      <subfield code="a">479 p. : </subfield>
      <subfield code="a">479 p. : </subfield>
      <subfield code="a">478 p. : </subfield>
      <subfield code="a">275 p. : </subfield>
      <subfield code="a">xxv, 541 p. : </subfield>
      <subfield code="a">2 v. : </subfield>
      <subfield code="b">il. ; </subfield>
      <subfield code="a">400 p. : </subfield>
      <subfield code="a">viii, 796 p. : </subfield>
      <subfield code="b">il. ; </subfield>
      <subfield code="a">327 p. : </subfield>
      <subfield code="b">il. ; </subfield>
      <subfield code="a">336 p. : </subfield>
      <subfield code="b">il. ; </subfield>
      <subfield code="a">426 p. : </subfield>
      <subfield code="a">336 p. : </subfield>
      <subfield code="a">3 v. : </subfield>
      <subfield code="a">viii, 421 p. : </subfield>
      <subfield code="b">il ; </subfield>
      <subfield code="a">viii, 421 p. : </subfield>
      <subfield code="b">il. ; </subfield>
      <subfield code="a">490 p. : </subfield>
      <subfield code="b">il. ; </subfield>
      <subfield code="a">216 p. : </subfield>
      <subfield code="a">283 p. : </subfield>
      <subfield code="a">40 p. : </subfield>
      <subfield code="a">791 p. : </subfield>
      <subfield code="b">cuadros ; </subfield>
      <subfield code="a">741 p. : </subfield>
      <subfield code="b">il. ; </subfield>
      <subfield code="a">208 p. : </subfield>
      <subfield code="b">il. ; </subfield>
      <subfield code="a">24 p. : </subfield>
      <subfield code="a">48 p. : </subfield>
      <subfield code="a">70 h. : </subfield>
      <subfield code="b">cuadros ; </subfield>
      <subfield code="a">182 p. : </subfield>
      <subfield code="b">cuadros ; </subfield>
      <subfield code="a">374 p. : </subfield>
      <subfield code="a">[55] h. : </subfield>
      <subfield code="b">il. ; </subfield>
      <subfield code="a">v. : </subfield>
      <subfield code="b">il. ; </subfield>
      <subfield code="a">3 v. : </subfield>
      <subfield code="a">688 p. : </subfield>
      <subfield code="b">il. ; </subfield>
      <subfield code="a">659 p. : </subfield>
      <subfield code="a">208 p. : </subfield>
      <subfield code="b">il. ; </subfield>
      <subfield code="a">143 p. : </subfield>
      <subfield code="b">il. ; </subfield>
      <subfield code="a">426 p. : </subfield>
      <subfield code="b">il. ; </subfield>
      <subfield code="a">159 p. : </subfield>
      <subfield code="a">228 p. : </subfield>
      <subfield code="b">il. ; </subfield>
      <subfield code="a">166 p. : </subfield>
      <subfield code="b">cuadros ; </subfield>
      <subfield code="a">224 p. : </subfield>
      <subfield code="b">il. ; </subfield>
      <subfield code="a">221 p. : </subfield>
      <subfield code="a">126 p. : </subfield>
      <subfield code="a">262 p. : </subfield>
      <subfield code="a">xvii, 319 p. : </subfield>
      <subfield code="a">919 p. : </subfield>
      <subfield code="b">il. ; </subfield>
      <subfield code="a">647 p. : </subfield>
      <subfield code="b">il. ; </subfield>
      <subfield code="a">709 p. : </subfield>
      <subfield code="b">il. ; </subfield>
      <subfield code="a">462 p. : </subfield>
      <subfield code="b">il. ; </subfield>
      <subfield code="a">6 t. en 7 v. : </subfield>
      <subfield code="b">il. ; </subfield>
      <subfield code="a">63 p., [8] h. de láms. (algunas plegs.) : </subfield>
      <subfield code="b">il. ; </subfield>
      <subfield code="a">228 p. : </subfield>
      <subfield code="b">il. ; </subfield>
      <subfield code="a">142 p., [13] h. de láms. (algunas plegs.) : </subfield>
      <subfield code="b">il. ; </subfield>
      <subfield code="a">[20] p., 1 h. pleg. : </subfield>
      <subfield code="b">il. ; </subfield>
      <subfield code="a">48 p., viii., 1 h. pleg. : </subfield>
      <subfield code="b">il., mapas ; </subfield>
      <subfield code="e">1 mapa pleg. en bolsillo</subfield>
    </datafield>
    <datafield tag="440" ind1=" " ind2=" ">
      <subfield code="a">Boletín / Servicio Nacional Minero geológico</subfield>
      <subfield code="v">no. 140</subfield>
    </datafield>
    <datafield tag="490" ind1=" " ind2=" ">
      <subfield code="a">Boletín / Servicio Nacional Minero geológico</subfield>
      <subfield code="v">no. 140</subfield>
    </datafield>
    <datafield tag="500" ind1=" " ind2=" ">
      <subfield code="a">Otra inf. en portada: Carta geológico-económica de la República Argentina</subfield>
    </datafield>
    <datafield tag="500" ind1=" " ind2=" ">
      <subfield code="a">Escala 1:200.000</subfield>
    </datafield>
    <datafield tag="650" ind1=" " ind2=" ">
      <subfield code="a"> GEOLOGIA ECONOMICA</subfield>
    </datafield>
    <datafield tag="650" ind1=" " ind2=" ">
      <subfield code="a"> LAGO ARGENTINO (SANTA CRUZ)</subfield>
    </datafield>
    <datafield tag="942" ind1=" " ind2=" ">
      <subfield code="c">BK</subfield>
    </datafield>
    <datafield tag="952" ind1=" " ind2=" ">
      <subfield code="a">BIB_RECT</subfield>
      <subfield code="b">BIB_UASJ</subfield>
      <subfield code="d">2009-11-05</subfield>
      <subfield code="y">BK</subfield>
      <subfield code="p">04-38502</subfield>
      <subfield code="i">04-38502</subfield>
      <subfield code="g">59</subfield>
      <subfield code="o">553(828.8) F989d</subfield>
      <subfield code="e">UASJ</subfield>
      <subfield code="8">CG</subfield>
    </datafield>
  </record>