
  <record>
    <leader>01000aam  22002601a 4500</leader>
    <controlfield tag="001">YPZ92172</controlfield>
    <controlfield tag="003">YPZ</controlfield>
    <controlfield tag="005">200911101301390</controlfield>
    <controlfield tag="008">091110|###########||||||b||||||||||spa|d</controlfield>
    <datafield tag="020" ind1=" " ind2=" ">
      <subfield code="a">9701501152</subfield>
    </datafield>
    <datafield tag="040" ind1=" " ind2=" ">
      <subfield code="c">SIUNPA</subfield>
    </datafield>
    <datafield tag="041" ind1=" " ind2=" ">
      <subfield code="a">spa</subfield>
    </datafield>
    <datafield tag="044" ind1=" " ind2=" ">
      <subfield code="a">MX</subfield>
    </datafield>
    <datafield tag="080" ind1=" " ind2=" ">
      <subfield code="a">519.8 T128i5</subfield>
    </datafield>
    <datafield tag="100" ind1=" " ind2=" ">
      <subfield code="a">Taha, Hamdy A..</subfield>
    </datafield>
    <datafield tag="245" ind1=" " ind2=" ">
      <subfield code="a">Investigación de operaciones</subfield>
      <subfield code="c"> / Cera Alonso, José de la, versión en español ; García Carmona, Enrique, rev. y corrección ; Castañeda Molinar, Leticia, rev. y corrección ; Rodríguez Cruz, Francisco Javier, rev. y corrección ; Paniagua Bacanegra, Francisco, rev. general</subfield>
    </datafield>
    <datafield tag="260" ind1=" " ind2=" ">
      <subfield code="a">México, D.F.</subfield>
      <subfield code="b"> : Alfaomega</subfield>
      <subfield code="c"> , 1995</subfield>
    </datafield>
    <datafield tag="300" ind1=" " ind2=" ">
      <subfield code="a">3 v. : </subfield>
      <subfield code="b">il. ; </subfield>
      <subfield code="a">3 v. : </subfield>
      <subfield code="a">xvi, 560 p. : </subfield>
      <subfield code="b">il. ; </subfield>
      <subfield code="a">xv, 412 p. : </subfield>
      <subfield code="b">il. ; </subfield>
      <subfield code="a">228 p. : </subfield>
      <subfield code="a">184 p. : </subfield>
      <subfield code="b">il. ; </subfield>
      <subfield code="a">xix, 209 p. : </subfield>
      <subfield code="b">il. ; </subfield>
      <subfield code="a">775 p. : </subfield>
      <subfield code="a">xxi, 960 p. : </subfield>
      <subfield code="b">il. ; </subfield>
      <subfield code="e">1 disquete (3½) en bolsillo</subfield>
    </datafield>
    <datafield tag="500" ind1=" " ind2=" ">
      <subfield code="a">Contiene la versión estudiantil de SIMNET II</subfield>
    </datafield>
    <datafield tag="650" ind1=" " ind2=" ">
      <subfield code="a"> INVESTIGACION OPERATIVA</subfield>
    </datafield>
    <datafield tag="650" ind1=" " ind2=" ">
      <subfield code="a"> PROGRAMACION MATEMATICA</subfield>
    </datafield>
    <datafield tag="650" ind1=" " ind2=" ">
      <subfield code="a"> PROGRAMACION LINEAL</subfield>
    </datafield>
    <datafield tag="942" ind1=" " ind2=" ">
      <subfield code="c">BK</subfield>
    </datafield>
    <datafield tag="952" ind1=" " ind2=" ">
      <subfield code="a">BIB_RECT</subfield>
      <subfield code="b">BIB_UACO</subfield>
      <subfield code="d">2009-11-10</subfield>
      <subfield code="y">BK</subfield>
      <subfield code="p">02-04122</subfield>
      <subfield code="i">02-04122</subfield>
      <subfield code="g">99</subfield>
      <subfield code="o">519.8 T128i5</subfield>
      <subfield code="e">FOMEC 585</subfield>
      <subfield code="8">CG</subfield>
    </datafield>
    <datafield tag="952" ind1=" " ind2=" ">
      <subfield code="a">BIB_RECT</subfield>
      <subfield code="b">BIB_UACO</subfield>
      <subfield code="d">2009-11-10</subfield>
      <subfield code="y">BK</subfield>
      <subfield code="p">02-04123</subfield>
      <subfield code="i">02-04123</subfield>
      <subfield code="g">99</subfield>
      <subfield code="o">519.8 T128i5</subfield>
      <subfield code="e">FOMEC 585</subfield>
      <subfield code="8">CG</subfield>
    </datafield>
    <datafield tag="952" ind1=" " ind2=" ">
      <subfield code="a">BIB_RECT</subfield>
      <subfield code="b">BIB_UACO</subfield>
      <subfield code="d">2009-11-10</subfield>
      <subfield code="y">BK</subfield>
      <subfield code="p">02-05577</subfield>
      <subfield code="i">02-05577</subfield>
      <subfield code="g">99</subfield>
      <subfield code="o">519.8 T128i5</subfield>
      <subfield code="e">FOMEC 585</subfield>
      <subfield code="8">CG</subfield>
    </datafield>
  </record>