
  <record>
    <leader>01000aam  22002601a 4500</leader>
    <controlfield tag="001">YPZ92173</controlfield>
    <controlfield tag="003">YPZ</controlfield>
    <controlfield tag="005">200911101322190</controlfield>
    <controlfield tag="008">091110|###########||||||b||||||||||spa|d</controlfield>
    <datafield tag="020" ind1=" " ind2=" ">
      <subfield code="a">9701010221</subfield>
    </datafield>
    <datafield tag="040" ind1=" " ind2=" ">
      <subfield code="c">SIUNPA</subfield>
    </datafield>
    <datafield tag="041" ind1=" " ind2=" ">
      <subfield code="a">spa</subfield>
    </datafield>
    <datafield tag="044" ind1=" " ind2=" ">
      <subfield code="a">MX</subfield>
    </datafield>
    <datafield tag="080" ind1=" " ind2=" ">
      <subfield code="a">519.8 H654i6</subfield>
    </datafield>
    <datafield tag="100" ind1=" " ind2=" ">
      <subfield code="a">Hillier, Frederick S..</subfield>
    </datafield>
    <datafield tag="700" ind1=" " ind2=" ">
      <subfield code="a">Lieberman, Gerald J..</subfield>
    </datafield>
    <datafield tag="245" ind1=" " ind2=" ">
      <subfield code="a">Introducción a la investigación de operaciones</subfield>
      <subfield code="b"> : Sexta edición en inglés</subfield>
      <subfield code="c"> / González Osuna, Marcia A., tr. ; Cantú Delgado, José Humberto, rev. técnica ; Fernández Reyna, Perla J., rev. técnica ; Montufar Benítez, Marco A., rev. técnica</subfield>
    </datafield>
    <datafield tag="250" ind1=" " ind2=" ">
      <subfield code="a">4a ed. en español</subfield>
    </datafield>
    <datafield tag="260" ind1=" " ind2=" ">
      <subfield code="a">México, D.F.</subfield>
      <subfield code="b"> : McGraw-Hill</subfield>
      <subfield code="c"> , 1997</subfield>
    </datafield>
    <datafield tag="300" ind1=" " ind2=" ">
      <subfield code="a">xix, 998 p. : </subfield>
      <subfield code="b">il. ; </subfield>
      <subfield code="e">1 disquete (3½) en bolsillo</subfield>
    </datafield>
    <datafield tag="500" ind1=" " ind2=" ">
      <subfield code="a">Contenido del disquete: Incluye software tutorial disco 3½ para IBM PC o compatibles</subfield>
    </datafield>
    <datafield tag="650" ind1=" " ind2=" ">
      <subfield code="a"> INVESTIGACION OPERATIVA</subfield>
    </datafield>
    <datafield tag="650" ind1=" " ind2=" ">
      <subfield code="a"> PROGRAMACION MATEMATICA</subfield>
    </datafield>
    <datafield tag="650" ind1=" " ind2=" ">
      <subfield code="a"> PROGRAMACION LINEAL</subfield>
    </datafield>
    <datafield tag="942" ind1=" " ind2=" ">
      <subfield code="c">BK</subfield>
    </datafield>
    <datafield tag="952" ind1=" " ind2=" ">
      <subfield code="a">BIB_RECT</subfield>
      <subfield code="b">BIB_UACO</subfield>
      <subfield code="d">2009-11-10</subfield>
      <subfield code="y">BK</subfield>
      <subfield code="p">02-04124</subfield>
      <subfield code="i">02-04124</subfield>
      <subfield code="g">120</subfield>
      <subfield code="o">519.8 H654i6</subfield>
      <subfield code="e">FOMEC 585</subfield>
      <subfield code="8">CG</subfield>
    </datafield>
    <datafield tag="952" ind1=" " ind2=" ">
      <subfield code="a">BIB_RECT</subfield>
      <subfield code="b">BIB_UACO</subfield>
      <subfield code="d">2009-11-10</subfield>
      <subfield code="y">BK</subfield>
      <subfield code="p">02-04125</subfield>
      <subfield code="i">02-04125</subfield>
      <subfield code="g">120</subfield>
      <subfield code="o">519.8 H654i6</subfield>
      <subfield code="e">FOMEC 585</subfield>
      <subfield code="8">CG</subfield>
    </datafield>
    <datafield tag="952" ind1=" " ind2=" ">
      <subfield code="a">BIB_RECT</subfield>
      <subfield code="b">BIB_UACO</subfield>
      <subfield code="d">2009-11-10</subfield>
      <subfield code="y">BK</subfield>
      <subfield code="p">02-05576</subfield>
      <subfield code="i">02-05576</subfield>
      <subfield code="g">120</subfield>
      <subfield code="o">519.8 H654i6</subfield>
      <subfield code="e">FOMEC 585</subfield>
      <subfield code="8">CG</subfield>
    </datafield>
  </record>