
  <record>
    <leader>01000aam  22002601a 4500</leader>
    <controlfield tag="001">YPZ92178</controlfield>
    <controlfield tag="003">YPZ</controlfield>
    <controlfield tag="005">200911101649320</controlfield>
    <controlfield tag="008">091110|###########||||||b||||||||||spa|d</controlfield>
    <datafield tag="020" ind1=" " ind2=" ">
      <subfield code="a">8481432555 (o.c.)</subfield>
    </datafield>
    <datafield tag="020" ind1=" " ind2=" ">
      <subfield code="a">8481432563 (v.1)</subfield>
    </datafield>
    <datafield tag="020" ind1=" " ind2=" ">
      <subfield code="a">8481432571 (v.2)</subfield>
    </datafield>
    <datafield tag="020" ind1=" " ind2=" ">
      <subfield code="a">848143258X (v.3)</subfield>
    </datafield>
    <datafield tag="040" ind1=" " ind2=" ">
      <subfield code="c">SIUNPA</subfield>
    </datafield>
    <datafield tag="041" ind1=" " ind2=" ">
      <subfield code="a">spa</subfield>
    </datafield>
    <datafield tag="044" ind1=" " ind2=" ">
      <subfield code="a">ES</subfield>
    </datafield>
    <datafield tag="080" ind1=" " ind2=" ">
      <subfield code="a">025.45 A837c</subfield>
    </datafield>
    <datafield tag="110" ind1=" " ind2=" ">
      <subfield code="a">Asociación Española de Normalización y Certificación.</subfield>
    </datafield>
    <datafield tag="245" ind1=" " ind2=" ">
      <subfield code="a">CDU Clasificación decimal universal</subfield>
    </datafield>
    <datafield tag="246" ind1=" " ind2=" ">
      <subfield code="a">UDC. Universal decimal classification = CDU: Classification décimale universelle.</subfield>
    </datafield>
    <datafield tag="260" ind1=" " ind2=" ">
      <subfield code="a">Madrid</subfield>
      <subfield code="b"> : Asociación Española de Normalización y Certificación, AENOR</subfield>
      <subfield code="c"> , 2000</subfield>
    </datafield>
    <datafield tag="500" ind1=" " ind2=" ">
      <subfield code="a">Tít. de partida: Norma española</subfield>
    </datafield>
    <datafield tag="500" ind1=" " ind2=" ">
      <subfield code="a">Subtít. de la cubierta: Norma UNE 50001:2000</subfield>
    </datafield>
    <datafield tag="505" ind1=" " ind2=" ">
      <subfield code="a">Contenido: v.1. Tablas sistemáticas (0/5) -- v.2. Tablas sistémicas (6/9) -- v.3. Índice alfabético</subfield>
    </datafield>
    <datafield tag="650" ind1=" " ind2=" ">
      <subfield code="a"> SISTEMA DE CLASIFICACION</subfield>
    </datafield>
    <datafield tag="650" ind1=" " ind2=" ">
      <subfield code="a"> CLASIFICACION DECIMAL UNIVERSAL</subfield>
    </datafield>
    <datafield tag="942" ind1=" " ind2=" ">
      <subfield code="c">BK</subfield>
    </datafield>
    <datafield tag="952" ind1=" " ind2=" ">
      <subfield code="a">BIB_RECT</subfield>
      <subfield code="b">BIB_UACO</subfield>
      <subfield code="d">2009-11-10</subfield>
      <subfield code="y">BK</subfield>
      <subfield code="p">02-07244</subfield>
      <subfield code="i">02-07244</subfield>
      <subfield code="g">75</subfield>
      <subfield code="o">025.45 A837c</subfield>
      <subfield code="e">SIUNPA</subfield>
      <subfield code="8">CG</subfield>
    </datafield>
    <datafield tag="952" ind1=" " ind2=" ">
      <subfield code="a">BIB_RECT</subfield>
      <subfield code="b">BIB_UACO</subfield>
      <subfield code="d">2009-11-10</subfield>
      <subfield code="y">BK</subfield>
      <subfield code="p">02-07245</subfield>
      <subfield code="i">02-07245</subfield>
      <subfield code="g">75</subfield>
      <subfield code="o">025.45 A837c</subfield>
      <subfield code="e">SIUNPA</subfield>
      <subfield code="8">CG</subfield>
    </datafield>
    <datafield tag="952" ind1=" " ind2=" ">
      <subfield code="a">BIB_RECT</subfield>
      <subfield code="b">BIB_UACO</subfield>
      <subfield code="d">2009-11-10</subfield>
      <subfield code="y">BK</subfield>
      <subfield code="p">02-07246</subfield>
      <subfield code="i">02-07246</subfield>
      <subfield code="g">75</subfield>
      <subfield code="o">025.45 A837c</subfield>
      <subfield code="e">SIUNPA</subfield>
      <subfield code="8">CG</subfield>
    </datafield>
    <datafield tag="952" ind1=" " ind2=" ">
      <subfield code="a">BIB_RECT</subfield>
      <subfield code="b">BIB_UART</subfield>
      <subfield code="d">2009-11-10</subfield>
      <subfield code="y">BK</subfield>
      <subfield code="p">03-01646</subfield>
      <subfield code="i">03-01646</subfield>
      <subfield code="g">75</subfield>
      <subfield code="o">025.45 A837c</subfield>
      <subfield code="e">SIUNPA</subfield>
      <subfield code="8">CG</subfield>
    </datafield>
    <datafield tag="952" ind1=" " ind2=" ">
      <subfield code="a">BIB_RECT</subfield>
      <subfield code="b">BIB_UART</subfield>
      <subfield code="d">2009-11-10</subfield>
      <subfield code="y">BK</subfield>
      <subfield code="p">03-01647</subfield>
      <subfield code="i">03-01647</subfield>
      <subfield code="g">75</subfield>
      <subfield code="o">025.45 A837c</subfield>
      <subfield code="e">SIUNPA</subfield>
      <subfield code="8">CG</subfield>
    </datafield>
    <datafield tag="952" ind1=" " ind2=" ">
      <subfield code="a">BIB_RECT</subfield>
      <subfield code="b">BIB_UART</subfield>
      <subfield code="d">2009-11-10</subfield>
      <subfield code="y">BK</subfield>
      <subfield code="p">03-01648</subfield>
      <subfield code="i">03-01648</subfield>
      <subfield code="g">75</subfield>
      <subfield code="o">025.45 A837c</subfield>
      <subfield code="e">SIUNPA</subfield>
      <subfield code="8">CG</subfield>
    </datafield>
    <datafield tag="952" ind1=" " ind2=" ">
      <subfield code="a">BIB_RECT</subfield>
      <subfield code="b">BIB_UARG</subfield>
      <subfield code="d">2009-11-10</subfield>
      <subfield code="y">BK</subfield>
      <subfield code="p">05-17078</subfield>
      <subfield code="i">05-17078</subfield>
      <subfield code="g">75</subfield>
      <subfield code="o">025.45 A837c</subfield>
      <subfield code="e">SIUNPA</subfield>
      <subfield code="8">CG</subfield>
    </datafield>
    <datafield tag="952" ind1=" " ind2=" ">
      <subfield code="a">BIB_RECT</subfield>
      <subfield code="b">BIB_UARG</subfield>
      <subfield code="d">2009-11-10</subfield>
      <subfield code="y">BK</subfield>
      <subfield code="p">05-17079</subfield>
      <subfield code="i">05-17079</subfield>
      <subfield code="g">75</subfield>
      <subfield code="o">025.45 A837c</subfield>
      <subfield code="e">SIUNPA</subfield>
      <subfield code="8">CG</subfield>
    </datafield>
    <datafield tag="952" ind1=" " ind2=" ">
      <subfield code="a">BIB_RECT</subfield>
      <subfield code="b">BIB_UARG</subfield>
      <subfield code="d">2009-11-10</subfield>
      <subfield code="y">BK</subfield>
      <subfield code="p">05-17080</subfield>
      <subfield code="i">05-17080</subfield>
      <subfield code="g">75</subfield>
      <subfield code="o">025.45 A837c</subfield>
      <subfield code="e">SIUNPA</subfield>
      <subfield code="8">CG</subfield>
    </datafield>
    <datafield tag="952" ind1=" " ind2=" ">
      <subfield code="a">BIB_RECT</subfield>
      <subfield code="b">BIB_UARG</subfield>
      <subfield code="d">2009-11-10</subfield>
      <subfield code="y">BK</subfield>
      <subfield code="p">05-17081</subfield>
      <subfield code="i">05-17081</subfield>
      <subfield code="g">75</subfield>
      <subfield code="o">025.45 A837c</subfield>
      <subfield code="e">SIUNPA</subfield>
      <subfield code="8">CG</subfield>
    </datafield>
    <datafield tag="952" ind1=" " ind2=" ">
      <subfield code="a">BIB_RECT</subfield>
      <subfield code="b">BIB_UARG</subfield>
      <subfield code="d">2009-11-10</subfield>
      <subfield code="y">BK</subfield>
      <subfield code="p">05-17082</subfield>
      <subfield code="i">05-17082</subfield>
      <subfield code="g">75</subfield>
      <subfield code="o">025.45 A837c</subfield>
      <subfield code="e">SIUNPA</subfield>
      <subfield code="8">CG</subfield>
    </datafield>
    <datafield tag="952" ind1=" " ind2=" ">
      <subfield code="a">BIB_RECT</subfield>
      <subfield code="b">BIB_UARG</subfield>
      <subfield code="d">2009-11-10</subfield>
      <subfield code="y">BK</subfield>
      <subfield code="p">05-17083</subfield>
      <subfield code="i">05-17083</subfield>
      <subfield code="g">75</subfield>
      <subfield code="o">025.45 A837c</subfield>
      <subfield code="e">SIUNPA</subfield>
      <subfield code="8">CG</subfield>
    </datafield>
  </record>