
  <record>
    <leader>01000aam  22002601a 4500</leader>
    <controlfield tag="001">YPZ92187</controlfield>
    <controlfield tag="003">YPZ</controlfield>
    <controlfield tag="005">200911111605100</controlfield>
    <controlfield tag="008">091111|###########||||||b||||||||||spa|d</controlfield>
    <datafield tag="020" ind1=" " ind2=" ">
      <subfield code="a">8475093175</subfield>
    </datafield>
    <datafield tag="040" ind1=" " ind2=" ">
      <subfield code="c">SIUNPA</subfield>
    </datafield>
    <datafield tag="041" ind1=" " ind2=" ">
      <subfield code="a">spa</subfield>
    </datafield>
    <datafield tag="044" ind1=" " ind2=" ">
      <subfield code="a">AR</subfield>
    </datafield>
    <datafield tag="080" ind1=" " ind2=" ">
      <subfield code="a">791.43 D348i3</subfield>
    </datafield>
    <datafield tag="100" ind1=" " ind2=" ">
      <subfield code="a">Deleuze, Gilles.</subfield>
    </datafield>
    <datafield tag="245" ind1=" " ind2=" ">
      <subfield code="a">La imagen-movimiento</subfield>
      <subfield code="b"> : estudios sobre cine 1</subfield>
      <subfield code="c"> / Agoff, Irene, tr. ; Jordá, Joaquim, asesoramiento cinematográfico</subfield>
    </datafield>
    <datafield tag="250" ind1=" " ind2=" ">
      <subfield code="a">3a ed.</subfield>
    </datafield>
    <datafield tag="260" ind1=" " ind2=" ">
      <subfield code="a">Barcelona</subfield>
      <subfield code="b"> : Paidós</subfield>
      <subfield code="c"> , 1994</subfield>
    </datafield>
    <datafield tag="440" ind1=" " ind2=" ">
      <subfield code="a">Colección Psicología contemporánea</subfield>
      <subfield code="a">Crítica y estudios literarios</subfield>
      <subfield code="a">Colección cuadernos de Filosofía y ensayo</subfield>
      <subfield code="a">Serie de Filosofía y ensayo</subfield>
      <subfield code="a">Paidós comunicación</subfield>
      <subfield code="v">16</subfield>
    </datafield>
    <datafield tag="490" ind1=" " ind2=" ">
      <subfield code="a">Colección Psicología contemporánea</subfield>
      <subfield code="a">Crítica y estudios literarios</subfield>
      <subfield code="a">Colección cuadernos de Filosofía y ensayo</subfield>
      <subfield code="a">Serie de Filosofía y ensayo</subfield>
      <subfield code="a">Paidós comunicación</subfield>
      <subfield code="v">16</subfield>
    </datafield>
    <datafield tag="650" ind1=" " ind2=" ">
      <subfield code="a"> CINE</subfield>
    </datafield>
    <datafield tag="942" ind1=" " ind2=" ">
      <subfield code="c">BK</subfield>
    </datafield>
    <datafield tag="952" ind1=" " ind2=" ">
      <subfield code="a">BIB_RECT</subfield>
      <subfield code="b">BIB_UARG</subfield>
      <subfield code="d">2009-11-11</subfield>
      <subfield code="y">BK</subfield>
      <subfield code="p">05-10364</subfield>
      <subfield code="i">05-10364</subfield>
      <subfield code="g">75</subfield>
      <subfield code="o">791.43 D348i3</subfield>
      <subfield code="e">FOMEC 578</subfield>
      <subfield code="8">CG</subfield>
    </datafield>
  </record>