
  <record>
    <leader>01000aam  22002601a 4500</leader>
    <controlfield tag="001">YPZ92198</controlfield>
    <controlfield tag="003">YPZ</controlfield>
    <controlfield tag="005">200911121541500</controlfield>
    <controlfield tag="008">091112|###########||||||b||||||||||spa|d</controlfield>
    <datafield tag="020" ind1=" " ind2=" ">
      <subfield code="a">0201060396</subfield>
    </datafield>
    <datafield tag="040" ind1=" " ind2=" ">
      <subfield code="c">SIUNPA</subfield>
    </datafield>
    <datafield tag="041" ind1=" " ind2=" ">
      <subfield code="a">spa</subfield>
    </datafield>
    <datafield tag="044" ind1=" " ind2=" ">
      <subfield code="a">US</subfield>
    </datafield>
    <datafield tag="080" ind1=" " ind2=" ">
      <subfield code="a">517 P967c3</subfield>
    </datafield>
    <datafield tag="100" ind1=" " ind2=" ">
      <subfield code="a">Protter, Murray H..</subfield>
    </datafield>
    <datafield tag="700" ind1=" " ind2=" ">
      <subfield code="a">Morrey, Charles B..</subfield>
    </datafield>
    <datafield tag="245" ind1=" " ind2=" ">
      <subfield code="a">Cálculo con geometría analítica</subfield>
      <subfield code="b"> : Tercera edición</subfield>
      <subfield code="c"> / Pereyra, Hugo, versión en español ; López Mateos, Manuel, colab. en la tr.</subfield>
    </datafield>
    <datafield tag="260" ind1=" " ind2=" ">
      <subfield code="a">Wilmington, Del.</subfield>
      <subfield code="b"> : Addison-Wesley Iberoamericana</subfield>
      <subfield code="c"> , 1986</subfield>
    </datafield>
    <datafield tag="650" ind1=" " ind2=" ">
      <subfield code="a"> CALCULO</subfield>
    </datafield>
    <datafield tag="650" ind1=" " ind2=" ">
      <subfield code="a"> GEOMETRIA ANALITICA</subfield>
    </datafield>
    <datafield tag="942" ind1=" " ind2=" ">
      <subfield code="c">BK</subfield>
    </datafield>
    <datafield tag="952" ind1=" " ind2=" ">
      <subfield code="a">BIB_RECT</subfield>
      <subfield code="b">BIB_UACO</subfield>
      <subfield code="d">2009-11-12</subfield>
      <subfield code="y">BK</subfield>
      <subfield code="p">02-04922</subfield>
      <subfield code="i">02-04922</subfield>
      <subfield code="g">130</subfield>
      <subfield code="o">517 P967c3</subfield>
      <subfield code="e">FOMEC 585</subfield>
      <subfield code="8">CG</subfield>
    </datafield>
    <datafield tag="952" ind1=" " ind2=" ">
      <subfield code="a">BIB_RECT</subfield>
      <subfield code="b">BIB_UACO</subfield>
      <subfield code="d">2009-11-12</subfield>
      <subfield code="y">BK</subfield>
      <subfield code="p">02-04923</subfield>
      <subfield code="i">02-04923</subfield>
      <subfield code="g">130</subfield>
      <subfield code="o">517 P967c3</subfield>
      <subfield code="e">FOMEC 585</subfield>
      <subfield code="8">CG</subfield>
    </datafield>
    <datafield tag="952" ind1=" " ind2=" ">
      <subfield code="a">BIB_RECT</subfield>
      <subfield code="b">BIB_UACO</subfield>
      <subfield code="d">2009-11-12</subfield>
      <subfield code="y">BK</subfield>
      <subfield code="p">02-04924</subfield>
      <subfield code="i">02-04924</subfield>
      <subfield code="g">130</subfield>
      <subfield code="o">517 P967c3</subfield>
      <subfield code="e">FOMEC 585</subfield>
      <subfield code="8">CG</subfield>
    </datafield>
    <datafield tag="952" ind1=" " ind2=" ">
      <subfield code="a">BIB_RECT</subfield>
      <subfield code="b">BIB_UACO</subfield>
      <subfield code="d">2009-11-12</subfield>
      <subfield code="y">BK</subfield>
      <subfield code="p">02-04925</subfield>
      <subfield code="i">02-04925</subfield>
      <subfield code="g">130</subfield>
      <subfield code="o">517 P967c3</subfield>
      <subfield code="e">FOMEC 585</subfield>
      <subfield code="8">CG</subfield>
    </datafield>
    <datafield tag="952" ind1=" " ind2=" ">
      <subfield code="a">BIB_RECT</subfield>
      <subfield code="b">BIB_UACO</subfield>
      <subfield code="d">2009-11-12</subfield>
      <subfield code="y">BK</subfield>
      <subfield code="p">02-04926</subfield>
      <subfield code="i">02-04926</subfield>
      <subfield code="g">130</subfield>
      <subfield code="o">517 P967c3</subfield>
      <subfield code="e">FOMEC 585</subfield>
      <subfield code="8">CG</subfield>
    </datafield>
    <datafield tag="952" ind1=" " ind2=" ">
      <subfield code="a">BIB_RECT</subfield>
      <subfield code="b">BIB_UACO</subfield>
      <subfield code="d">2009-11-12</subfield>
      <subfield code="y">BK</subfield>
      <subfield code="p">02-04927</subfield>
      <subfield code="i">02-04927</subfield>
      <subfield code="g">130</subfield>
      <subfield code="o">517 P967c3</subfield>
      <subfield code="e">FOMEC 585</subfield>
      <subfield code="8">CG</subfield>
    </datafield>
    <datafield tag="952" ind1=" " ind2=" ">
      <subfield code="a">BIB_RECT</subfield>
      <subfield code="b">BIB_UACO</subfield>
      <subfield code="d">2009-11-12</subfield>
      <subfield code="y">BK</subfield>
      <subfield code="p">02-04928</subfield>
      <subfield code="i">02-04928</subfield>
      <subfield code="g">130</subfield>
      <subfield code="o">517 P967c3</subfield>
      <subfield code="e">FOMEC 585</subfield>
      <subfield code="8">CG</subfield>
    </datafield>
    <datafield tag="952" ind1=" " ind2=" ">
      <subfield code="a">BIB_RECT</subfield>
      <subfield code="b">BIB_UACO</subfield>
      <subfield code="d">2009-11-12</subfield>
      <subfield code="y">BK</subfield>
      <subfield code="p">02-04929</subfield>
      <subfield code="i">02-04929</subfield>
      <subfield code="g">130</subfield>
      <subfield code="o">517 P967c3</subfield>
      <subfield code="e">FOMEC 585</subfield>
      <subfield code="8">CG</subfield>
    </datafield>
    <datafield tag="952" ind1=" " ind2=" ">
      <subfield code="a">BIB_RECT</subfield>
      <subfield code="b">BIB_UACO</subfield>
      <subfield code="d">2009-11-12</subfield>
      <subfield code="y">BK</subfield>
      <subfield code="p">02-04930</subfield>
      <subfield code="i">02-04930</subfield>
      <subfield code="g">130</subfield>
      <subfield code="o">517 P967c3</subfield>
      <subfield code="e">FOMEC 585</subfield>
      <subfield code="8">CG</subfield>
    </datafield>
    <datafield tag="952" ind1=" " ind2=" ">
      <subfield code="a">BIB_RECT</subfield>
      <subfield code="b">BIB_UACO</subfield>
      <subfield code="d">2009-11-12</subfield>
      <subfield code="y">BK</subfield>
      <subfield code="p">02-04931</subfield>
      <subfield code="i">02-04931</subfield>
      <subfield code="g">130</subfield>
      <subfield code="o">517 P967c3</subfield>
      <subfield code="e">FOMEC 585</subfield>
      <subfield code="8">CG</subfield>
    </datafield>
    <datafield tag="952" ind1=" " ind2=" ">
      <subfield code="a">BIB_RECT</subfield>
      <subfield code="b">BIB_UACO</subfield>
      <subfield code="d">2009-11-12</subfield>
      <subfield code="y">BK</subfield>
      <subfield code="p">02-04932</subfield>
      <subfield code="i">02-04932</subfield>
      <subfield code="g">130</subfield>
      <subfield code="o">517 P967c3</subfield>
      <subfield code="e">FOMEC 585</subfield>
      <subfield code="8">CG</subfield>
    </datafield>
    <datafield tag="952" ind1=" " ind2=" ">
      <subfield code="a">BIB_RECT</subfield>
      <subfield code="b">BIB_UACO</subfield>
      <subfield code="d">2009-11-12</subfield>
      <subfield code="y">BK</subfield>
      <subfield code="p">02-04933</subfield>
      <subfield code="i">02-04933</subfield>
      <subfield code="g">130</subfield>
      <subfield code="o">517 P967c3</subfield>
      <subfield code="e">FOMEC 585</subfield>
      <subfield code="8">CG</subfield>
    </datafield>
    <datafield tag="952" ind1=" " ind2=" ">
      <subfield code="a">BIB_RECT</subfield>
      <subfield code="b">BIB_UACO</subfield>
      <subfield code="d">2009-11-12</subfield>
      <subfield code="y">BK</subfield>
      <subfield code="p">02-04934</subfield>
      <subfield code="i">02-04934</subfield>
      <subfield code="g">130</subfield>
      <subfield code="o">517 P967c3</subfield>
      <subfield code="e">FOMEC 585</subfield>
      <subfield code="8">CG</subfield>
    </datafield>
    <datafield tag="952" ind1=" " ind2=" ">
      <subfield code="a">BIB_RECT</subfield>
      <subfield code="b">BIB_UACO</subfield>
      <subfield code="d">2009-11-12</subfield>
      <subfield code="y">BK</subfield>
      <subfield code="p">02-04935</subfield>
      <subfield code="i">02-04935</subfield>
      <subfield code="g">130</subfield>
      <subfield code="o">517 P967c3</subfield>
      <subfield code="e">FOMEC 585</subfield>
      <subfield code="8">CG</subfield>
    </datafield>
    <datafield tag="952" ind1=" " ind2=" ">
      <subfield code="a">BIB_RECT</subfield>
      <subfield code="b">BIB_UACO</subfield>
      <subfield code="d">2009-11-12</subfield>
      <subfield code="y">BK</subfield>
      <subfield code="p">02-04936</subfield>
      <subfield code="i">02-04936</subfield>
      <subfield code="g">130</subfield>
      <subfield code="o">517 P967c3</subfield>
      <subfield code="e">FOMEC 585</subfield>
      <subfield code="8">CG</subfield>
    </datafield>
    <datafield tag="952" ind1=" " ind2=" ">
      <subfield code="a">BIB_RECT</subfield>
      <subfield code="b">BIB_UACO</subfield>
      <subfield code="d">2009-11-12</subfield>
      <subfield code="y">BK</subfield>
      <subfield code="p">02-04937</subfield>
      <subfield code="i">02-04937</subfield>
      <subfield code="g">130</subfield>
      <subfield code="o">517 P967c3</subfield>
      <subfield code="e">FOMEC 585</subfield>
      <subfield code="8">CG</subfield>
    </datafield>
    <datafield tag="952" ind1=" " ind2=" ">
      <subfield code="a">BIB_RECT</subfield>
      <subfield code="b">SAT_TRUN</subfield>
      <subfield code="d">2009-11-12</subfield>
      <subfield code="y">BK</subfield>
      <subfield code="p">10-04938</subfield>
      <subfield code="i">10-04938</subfield>
      <subfield code="g">130</subfield>
      <subfield code="o">517 P967c3</subfield>
      <subfield code="e">FOMEC 585</subfield>
      <subfield code="8">CG</subfield>
    </datafield>
    <datafield tag="952" ind1=" " ind2=" ">
      <subfield code="a">BIB_RECT</subfield>
      <subfield code="b">SAT_TRUN</subfield>
      <subfield code="d">2009-11-12</subfield>
      <subfield code="y">BK</subfield>
      <subfield code="p">10-04939</subfield>
      <subfield code="i">10-04939</subfield>
      <subfield code="g">130</subfield>
      <subfield code="o">517 P967c3</subfield>
      <subfield code="e">FOMEC 585</subfield>
      <subfield code="8">CG</subfield>
    </datafield>
  </record>