
  <record>
    <leader>01000aam  22002601a 4500</leader>
    <controlfield tag="001">YPZ92199</controlfield>
    <controlfield tag="003">YPZ</controlfield>
    <controlfield tag="005">200911121640400</controlfield>
    <controlfield tag="008">091112|###########||||||b||||||||||spa|d</controlfield>
    <datafield tag="020" ind1=" " ind2=" ">
      <subfield code="a">950127722X</subfield>
    </datafield>
    <datafield tag="040" ind1=" " ind2=" ">
      <subfield code="c">SIUNPA</subfield>
    </datafield>
    <datafield tag="041" ind1=" " ind2=" ">
      <subfield code="a">spa</subfield>
    </datafield>
    <datafield tag="044" ind1=" " ind2=" ">
      <subfield code="a">AR</subfield>
    </datafield>
    <datafield tag="080" ind1=" " ind2=" ">
      <subfield code="a">94(82) A844d</subfield>
    </datafield>
    <datafield tag="100" ind1=" " ind2=" ">
      <subfield code="a">Assadourian, Carlos S..</subfield>
    </datafield>
    <datafield tag="700" ind1=" " ind2=" ">
      <subfield code="a">Beato, Guillermo.</subfield>
    </datafield>
    <datafield tag="700" ind1=" " ind2=" ">
      <subfield code="a">Chiaramonte, José Carlos.</subfield>
    </datafield>
    <datafield tag="245" ind1=" " ind2=" ">
      <subfield code="a">De la conquista a la independencia</subfield>
    </datafield>
    <datafield tag="260" ind1=" " ind2=" ">
      <subfield code="a">Buenos Aires</subfield>
      <subfield code="b"> : Paidós</subfield>
      <subfield code="c"> , c1972</subfield>
    </datafield>
    <datafield tag="440" ind1=" " ind2=" ">
      <subfield code="a">Serie CLA-DE-MA. Sociología</subfield>
      <subfield code="a">Historia argentina / Paidós</subfield>
      <subfield code="v">2</subfield>
    </datafield>
    <datafield tag="490" ind1=" " ind2=" ">
      <subfield code="a">Serie CLA-DE-MA. Sociología</subfield>
      <subfield code="a">Historia argentina / Paidós</subfield>
      <subfield code="v">2</subfield>
    </datafield>
    <datafield tag="500" ind1=" " ind2=" ">
      <subfield code="a">Tít. de partida: Argentina</subfield>
    </datafield>
    <datafield tag="500" ind1=" " ind2=" ">
      <subfield code="a">La fecha de reimpresión varía según el ejemplar</subfield>
    </datafield>
    <datafield tag="650" ind1=" " ind2=" ">
      <subfield code="a"> HISTORIA ARGENTINA</subfield>
    </datafield>
    <datafield tag="650" ind1=" " ind2=" ">
      <subfield code="a"> SIGLO XIX</subfield>
    </datafield>
    <datafield tag="942" ind1=" " ind2=" ">
      <subfield code="c">BK</subfield>
    </datafield>
    <datafield tag="952" ind1=" " ind2=" ">
      <subfield code="a">BIB_RECT</subfield>
      <subfield code="b">BIB_UARG</subfield>
      <subfield code="d">2009-11-12</subfield>
      <subfield code="y">BK</subfield>
      <subfield code="p">05-13621</subfield>
      <subfield code="i">05-13621</subfield>
      <subfield code="g">28</subfield>
      <subfield code="o">94(82) A844d</subfield>
      <subfield code="e">FOMEC 585</subfield>
      <subfield code="8">CG</subfield>
    </datafield>
    <datafield tag="952" ind1=" " ind2=" ">
      <subfield code="a">BIB_RECT</subfield>
      <subfield code="b">BIB_UARG</subfield>
      <subfield code="d">2009-11-12</subfield>
      <subfield code="y">BK</subfield>
      <subfield code="p">05-14789</subfield>
      <subfield code="i">05-14789</subfield>
      <subfield code="g">28</subfield>
      <subfield code="o">94(82) A844d</subfield>
      <subfield code="e">FOMEC 585</subfield>
      <subfield code="8">CG</subfield>
    </datafield>
    <datafield tag="952" ind1=" " ind2=" ">
      <subfield code="a">BIB_RECT</subfield>
      <subfield code="b">BIB_UARG</subfield>
      <subfield code="d">2009-11-12</subfield>
      <subfield code="y">BK</subfield>
      <subfield code="p">05-14790</subfield>
      <subfield code="i">05-14790</subfield>
      <subfield code="g">28</subfield>
      <subfield code="o">94(82) A844d</subfield>
      <subfield code="e">FOMEC 585</subfield>
      <subfield code="8">CG</subfield>
    </datafield>
    <datafield tag="952" ind1=" " ind2=" ">
      <subfield code="a">BIB_RECT</subfield>
      <subfield code="b">BIB_UARG</subfield>
      <subfield code="d">2009-11-12</subfield>
      <subfield code="y">BK</subfield>
      <subfield code="p">05-14791</subfield>
      <subfield code="i">05-14791</subfield>
      <subfield code="g">28</subfield>
      <subfield code="o">94(82) A844d</subfield>
      <subfield code="e">FOMEC 585</subfield>
      <subfield code="8">CG</subfield>
    </datafield>
    <datafield tag="952" ind1=" " ind2=" ">
      <subfield code="a">BIB_RECT</subfield>
      <subfield code="b">BIB_UARG</subfield>
      <subfield code="d">2009-11-12</subfield>
      <subfield code="y">BK</subfield>
      <subfield code="p">05-14792</subfield>
      <subfield code="i">05-14792</subfield>
      <subfield code="g">28</subfield>
      <subfield code="o">94(82) A844d</subfield>
      <subfield code="e">FOMEC 585</subfield>
      <subfield code="8">CG</subfield>
    </datafield>
    <datafield tag="952" ind1=" " ind2=" ">
      <subfield code="a">BIB_RECT</subfield>
      <subfield code="b">BIB_UARG</subfield>
      <subfield code="d">2009-11-12</subfield>
      <subfield code="y">BK</subfield>
      <subfield code="p">05-14793</subfield>
      <subfield code="i">05-14793</subfield>
      <subfield code="g">42</subfield>
      <subfield code="o">94(82) A844d</subfield>
      <subfield code="e">FOMEC 585</subfield>
      <subfield code="8">CG</subfield>
    </datafield>
    <datafield tag="952" ind1=" " ind2=" ">
      <subfield code="a">BIB_RECT</subfield>
      <subfield code="b">BIB_UARG</subfield>
      <subfield code="d">2009-11-12</subfield>
      <subfield code="y">BK</subfield>
      <subfield code="p">05-14794</subfield>
      <subfield code="i">05-14794</subfield>
      <subfield code="g">28</subfield>
      <subfield code="o">94(82) A844d</subfield>
      <subfield code="e">FOMEC 585</subfield>
      <subfield code="8">CG</subfield>
    </datafield>
    <datafield tag="952" ind1=" " ind2=" ">
      <subfield code="a">BIB_RECT</subfield>
      <subfield code="b">BIB_UARG</subfield>
      <subfield code="d">2009-11-12</subfield>
      <subfield code="y">BK</subfield>
      <subfield code="p">05-14795</subfield>
      <subfield code="i">05-14795</subfield>
      <subfield code="g">28</subfield>
      <subfield code="o">94(82) A844d</subfield>
      <subfield code="e">FOMEC 585</subfield>
      <subfield code="8">CG</subfield>
    </datafield>
    <datafield tag="952" ind1=" " ind2=" ">
      <subfield code="a">BIB_RECT</subfield>
      <subfield code="b">BIB_UARG</subfield>
      <subfield code="d">2009-11-12</subfield>
      <subfield code="y">BK</subfield>
      <subfield code="p">05-14796</subfield>
      <subfield code="i">05-14796</subfield>
      <subfield code="g">28</subfield>
      <subfield code="o">94(82) A844d</subfield>
      <subfield code="e">FOMEC 585</subfield>
      <subfield code="8">CG</subfield>
    </datafield>
    <datafield tag="952" ind1=" " ind2=" ">
      <subfield code="a">BIB_RECT</subfield>
      <subfield code="b">BIB_UARG</subfield>
      <subfield code="d">2009-12-02</subfield>
      <subfield code="y">BK</subfield>
      <subfield code="p">05-38163</subfield>
      <subfield code="i">05-38163</subfield>
      <subfield code="g">28</subfield>
      <subfield code="o">94(82) A844d</subfield>
      <subfield code="e">Donación Barbería, Elsa</subfield>
      <subfield code="8">CG</subfield>
    </datafield>
  </record>