
  <record>
    <leader>01000aam  22002601a 4500</leader>
    <controlfield tag="001">YPZ92206</controlfield>
    <controlfield tag="003">YPZ</controlfield>
    <controlfield tag="005">200911121824160</controlfield>
    <controlfield tag="008">091112|###########||||||b||||||||||spa|d</controlfield>
    <datafield tag="020" ind1=" " ind2=" ">
      <subfield code="a">8471123649</subfield>
    </datafield>
    <datafield tag="040" ind1=" " ind2=" ">
      <subfield code="c">SIUNPA</subfield>
    </datafield>
    <datafield tag="041" ind1=" " ind2=" ">
      <subfield code="a">spa</subfield>
    </datafield>
    <datafield tag="044" ind1=" " ind2=" ">
      <subfield code="a">ES</subfield>
    </datafield>
    <datafield tag="080" ind1=" " ind2=" ">
      <subfield code="a">371.233 W321s</subfield>
    </datafield>
    <datafield tag="100" ind1=" " ind2=" ">
      <subfield code="a">Wass, Stephen.</subfield>
    </datafield>
    <datafield tag="245" ind1=" " ind2=" ">
      <subfield code="a">Salidas escolares y trabajo de campo en la educación primaria</subfield>
      <subfield code="c"> / Solana, Guillermo, tr.</subfield>
    </datafield>
    <datafield tag="260" ind1=" " ind2=" ">
      <subfield code="a">Madrid</subfield>
      <subfield code="b"> : Morata</subfield>
      <subfield code="b"> : Ministerio de Educación y Cultura y Deporte, España</subfield>
      <subfield code="c"> , 1992</subfield>
    </datafield>
    <datafield tag="440" ind1=" " ind2=" ">
      <subfield code="a">Colección pedagogía. Educación infantil y primaria</subfield>
      <subfield code="v">25</subfield>
    </datafield>
    <datafield tag="490" ind1=" " ind2=" ">
      <subfield code="a">Colección pedagogía. Educación infantil y primaria</subfield>
      <subfield code="v">25</subfield>
    </datafield>
    <datafield tag="650" ind1=" " ind2=" ">
      <subfield code="a"> EXCURSIONES DE ESTUDIO</subfield>
    </datafield>
    <datafield tag="650" ind1=" " ind2=" ">
      <subfield code="a"> CURRICULUM ESCOLAR</subfield>
    </datafield>
    <datafield tag="650" ind1=" " ind2=" ">
      <subfield code="a"> ENSEÑANZA PRIMARIA</subfield>
    </datafield>
    <datafield tag="650" ind1=" " ind2=" ">
      <subfield code="a"> ESTUDIO DE CASOS</subfield>
    </datafield>
    <datafield tag="650" ind1=" " ind2=" ">
      <subfield code="a"> METODOS DE ENSEÑANZA</subfield>
    </datafield>
    <datafield tag="942" ind1=" " ind2=" ">
      <subfield code="c">BK</subfield>
    </datafield>
    <datafield tag="952" ind1=" " ind2=" ">
      <subfield code="a">BIB_RECT</subfield>
      <subfield code="b">BIB_UACO</subfield>
      <subfield code="d">2009-11-12</subfield>
      <subfield code="y">BK</subfield>
      <subfield code="p">02-03543</subfield>
      <subfield code="i">02-03543</subfield>
      <subfield code="g">49</subfield>
      <subfield code="o">371.233 W321s</subfield>
      <subfield code="e">FOMEC</subfield>
      <subfield code="8">CG</subfield>
    </datafield>
    <datafield tag="952" ind1=" " ind2=" ">
      <subfield code="a">BIB_RECT</subfield>
      <subfield code="b">BIB_UACO</subfield>
      <subfield code="d">2009-11-12</subfield>
      <subfield code="y">BK</subfield>
      <subfield code="p">02-05261</subfield>
      <subfield code="i">02-05261</subfield>
      <subfield code="g">49</subfield>
      <subfield code="o">371.233 W321s</subfield>
      <subfield code="e">FOMEC</subfield>
      <subfield code="8">CG</subfield>
    </datafield>
    <datafield tag="952" ind1=" " ind2=" ">
      <subfield code="a">BIB_RECT</subfield>
      <subfield code="b">BIB_UACO</subfield>
      <subfield code="d">2009-11-12</subfield>
      <subfield code="y">BK</subfield>
      <subfield code="p">02-05341</subfield>
      <subfield code="i">02-05341</subfield>
      <subfield code="g">49</subfield>
      <subfield code="o">371.233 W321s</subfield>
      <subfield code="e">FOMEC</subfield>
      <subfield code="8">CG</subfield>
    </datafield>
    <datafield tag="952" ind1=" " ind2=" ">
      <subfield code="a">BIB_RECT</subfield>
      <subfield code="b">BIB_UACO</subfield>
      <subfield code="d">2009-11-12</subfield>
      <subfield code="y">BK</subfield>
      <subfield code="p">02-05433</subfield>
      <subfield code="i">02-05433</subfield>
      <subfield code="g">49</subfield>
      <subfield code="o">371.233 W321s</subfield>
      <subfield code="e">FOMEC</subfield>
      <subfield code="8">CG</subfield>
    </datafield>
  </record>