
  <record>
    <leader>01000aam  22002601a 4500</leader>
    <controlfield tag="001">YPZ92208</controlfield>
    <controlfield tag="003">YPZ</controlfield>
    <controlfield tag="005">200911131547060</controlfield>
    <controlfield tag="008">091113|###########||||||b||||||||||spa|d</controlfield>
    <datafield tag="020" ind1=" " ind2=" ">
      <subfield code="a">8441509670</subfield>
    </datafield>
    <datafield tag="040" ind1=" " ind2=" ">
      <subfield code="c">SIUNPA</subfield>
    </datafield>
    <datafield tag="041" ind1=" " ind2=" ">
      <subfield code="a">spa</subfield>
    </datafield>
    <datafield tag="044" ind1=" " ind2=" ">
      <subfield code="a">ES</subfield>
    </datafield>
    <datafield tag="080" ind1=" " ind2=" ">
      <subfield code="a">004.43 C486pr</subfield>
    </datafield>
    <datafield tag="100" ind1=" " ind2=" ">
      <subfield code="a">Charte Ojeda, Francisco.</subfield>
    </datafield>
    <datafield tag="245" ind1=" " ind2=" ">
      <subfield code="a">Programación con Delphi 5</subfield>
    </datafield>
    <datafield tag="260" ind1=" " ind2=" ">
      <subfield code="a">Madrid</subfield>
      <subfield code="b"> : Anaya Multimedia</subfield>
      <subfield code="c"> , 2000</subfield>
    </datafield>
    <datafield tag="300" ind1=" " ind2=" ">
      <subfield code="a">259 p. : </subfield>
      <subfield code="a">viii, 872 p. : </subfield>
      <subfield code="b">il. ; </subfield>
      <subfield code="a">382 p. : </subfield>
      <subfield code="b">il. ; </subfield>
      <subfield code="a">140 p. : </subfield>
      <subfield code="b">il. ; </subfield>
      <subfield code="a">247 p. : </subfield>
      <subfield code="b">il. ; </subfield>
      <subfield code="a">223 p. : </subfield>
      <subfield code="b">il. ; </subfield>
      <subfield code="a">430 p. : </subfield>
      <subfield code="b">il. ; </subfield>
      <subfield code="a">168 p. : </subfield>
      <subfield code="b">il. ; </subfield>
      <subfield code="a">xi, 327 p. : </subfield>
      <subfield code="a">1181 p. : </subfield>
      <subfield code="b">il. ; </subfield>
      <subfield code="e">1 CD-ROM en bolsillo</subfield>
    </datafield>
    <datafield tag="650" ind1=" " ind2=" ">
      <subfield code="a"> LENGUAJE DE PROGRAMACION</subfield>
    </datafield>
    <datafield tag="650" ind1=" " ind2=" ">
      <subfield code="a"> DELPHI</subfield>
    </datafield>
    <datafield tag="942" ind1=" " ind2=" ">
      <subfield code="c">BK</subfield>
    </datafield>
    <datafield tag="952" ind1=" " ind2=" ">
      <subfield code="a">BIB_RECT</subfield>
      <subfield code="b">BIB_UACO</subfield>
      <subfield code="d">2009-11-13</subfield>
      <subfield code="y">BK</subfield>
      <subfield code="p">02-07295</subfield>
      <subfield code="i">02-07295</subfield>
      <subfield code="g">150</subfield>
      <subfield code="o">004.43 C486pr</subfield>
      <subfield code="e">FOMEC</subfield>
      <subfield code="8">CG</subfield>
    </datafield>
  </record>