
  <record>
    <leader>01000aam  22002601a 4500</leader>
    <controlfield tag="001">YPZ92220</controlfield>
    <controlfield tag="003">YPZ</controlfield>
    <controlfield tag="005">200911161309500</controlfield>
    <controlfield tag="008">091116|###########||||||b||||||||||spa|d</controlfield>
    <datafield tag="020" ind1=" " ind2=" ">
      <subfield code="a">9789871242375</subfield>
    </datafield>
    <datafield tag="040" ind1=" " ind2=" ">
      <subfield code="c">SIUNPA</subfield>
    </datafield>
    <datafield tag="041" ind1=" " ind2=" ">
      <subfield code="a">spa</subfield>
    </datafield>
    <datafield tag="044" ind1=" " ind2=" ">
      <subfield code="a">AR</subfield>
    </datafield>
    <datafield tag="080" ind1=" " ind2=" ">
      <subfield code="a">316.346.32-053.6</subfield>
    </datafield>
    <datafield tag="100" ind1=" " ind2=" ">
      <subfield code="a">Agüero, Alicia.</subfield>
    </datafield>
    <datafield tag="245" ind1=" " ind2=" ">
      <subfield code="a">Expectativas laborales de los jóvenes universitarios de la UARG UNPA</subfield>
    </datafield>
    <datafield tag="250" ind1=" " ind2=" ">
      <subfield code="a">1a ed.</subfield>
    </datafield>
    <datafield tag="260" ind1=" " ind2=" ">
      <subfield code="a">Río Gallegos</subfield>
      <subfield code="b"> : Universidad Nacional de la Patagonia Austral, UNPA</subfield>
      <subfield code="c"> , 2009</subfield>
    </datafield>
    <datafield tag="650" ind1=" " ind2=" ">
      <subfield code="a"> SOCIOLOGIA DE LA ADOLESCENCIA  ADOLESCENTE  MERCADO DE TRABAJO</subfield>
    </datafield>
    <datafield tag="650" ind1=" " ind2=" ">
      <subfield code="a"> UNIDAD ACADEMICA RIO GALLEGOS, UNPA</subfield>
    </datafield>
    <datafield tag="650" ind1=" " ind2=" ">
      <subfield code="a"> OPORTUNIDADES DE EMPLEO</subfield>
    </datafield>
    <datafield tag="650" ind1=" " ind2=" ">
      <subfield code="a"> EDUCACION Y EMPLEO</subfield>
    </datafield>
    <datafield tag="650" ind1=" " ind2=" ">
      <subfield code="a"> RIO GALLEGOS (SANTA CRUZ) </subfield>
    </datafield>
    <datafield tag="650" ind1=" " ind2=" ">
      <subfield code="a"> DATO ESTADISTICO</subfield>
    </datafield>
    <datafield tag="942" ind1=" " ind2=" ">
      <subfield code="c">BK</subfield>
    </datafield>
    <datafield tag="952" ind1=" " ind2=" ">
      <subfield code="a">BIB_RECT</subfield>
      <subfield code="b">BIB_UACO</subfield>
      <subfield code="d">2009-11-18</subfield>
      <subfield code="y">BK</subfield>
      <subfield code="p">02-38530</subfield>
      <subfield code="i">02-38530</subfield>
      <subfield code="g">35</subfield>
      <subfield code="o">316.346.32-053.6</subfield>
      <subfield code="e">Secretaría de Ext. Universitaria</subfield>
      <subfield code="8">CG</subfield>
    </datafield>
    <datafield tag="952" ind1=" " ind2=" ">
      <subfield code="a">BIB_RECT</subfield>
      <subfield code="b">BIB_UACO</subfield>
      <subfield code="d">2010-02-22</subfield>
      <subfield code="y">BK</subfield>
      <subfield code="p">02-38619</subfield>
      <subfield code="i">02-38619</subfield>
      <subfield code="g">35</subfield>
      <subfield code="o">316.346.32-053.6</subfield>
      <subfield code="e">Secretaría de Extensión Rectorado</subfield>
      <subfield code="8">CG</subfield>
    </datafield>
    <datafield tag="952" ind1=" " ind2=" ">
      <subfield code="a">BIB_RECT</subfield>
      <subfield code="b">BIB_UART</subfield>
      <subfield code="d">2009-11-18</subfield>
      <subfield code="y">BK</subfield>
      <subfield code="p">03-38533</subfield>
      <subfield code="i">03-38533</subfield>
      <subfield code="g">35</subfield>
      <subfield code="o">316.346.32-053.6</subfield>
      <subfield code="e">Secretaría de Ext. Universitaria</subfield>
      <subfield code="8">CG</subfield>
    </datafield>
    <datafield tag="952" ind1=" " ind2=" ">
      <subfield code="a">BIB_RECT</subfield>
      <subfield code="b">BIB_UASJ</subfield>
      <subfield code="d">2009-11-18</subfield>
      <subfield code="y">BK</subfield>
      <subfield code="p">04-38532</subfield>
      <subfield code="i">04-38532</subfield>
      <subfield code="g">35</subfield>
      <subfield code="o">316.346.32-053.6</subfield>
      <subfield code="e">Secretaría de Ext. Universitaria</subfield>
      <subfield code="8">CG</subfield>
    </datafield>
    <datafield tag="952" ind1=" " ind2=" ">
      <subfield code="a">BIB_RECT</subfield>
      <subfield code="b">BIB_UARG</subfield>
      <subfield code="d">2009-11-18</subfield>
      <subfield code="y">BK</subfield>
      <subfield code="p">05-38531</subfield>
      <subfield code="i">05-38531</subfield>
      <subfield code="g">35</subfield>
      <subfield code="o">316.346.32-053.6</subfield>
      <subfield code="e">Secretaría de Ext. Universitaria</subfield>
      <subfield code="8">CG</subfield>
    </datafield>
    <datafield tag="952" ind1=" " ind2=" ">
      <subfield code="a">BIB_RECT</subfield>
      <subfield code="b">BIB_UARG</subfield>
      <subfield code="d">2010-02-19</subfield>
      <subfield code="y">BK</subfield>
      <subfield code="p">05-38606</subfield>
      <subfield code="i">05-38606</subfield>
      <subfield code="g">35</subfield>
      <subfield code="o">316.346.32-053.6</subfield>
      <subfield code="e">Donación Secretaría de Extensión</subfield>
      <subfield code="8">CG</subfield>
    </datafield>
    <datafield tag="952" ind1=" " ind2=" ">
      <subfield code="a">BIB_RECT</subfield>
      <subfield code="b">BIB_UARG</subfield>
      <subfield code="d">2010-02-19</subfield>
      <subfield code="y">BK</subfield>
      <subfield code="p">05-38607</subfield>
      <subfield code="i">05-38607</subfield>
      <subfield code="g">35</subfield>
      <subfield code="o">316.346.32-053.6</subfield>
      <subfield code="e">Donación Secretaría de Extensión</subfield>
      <subfield code="8">CG</subfield>
    </datafield>
    <datafield tag="952" ind1=" " ind2=" ">
      <subfield code="a">BIB_RECT</subfield>
      <subfield code="b">SAT_TRUN</subfield>
      <subfield code="d">2009-11-18</subfield>
      <subfield code="y">BK</subfield>
      <subfield code="p">10-38535</subfield>
      <subfield code="i">10-38535</subfield>
      <subfield code="g">35</subfield>
      <subfield code="o">316.346.32-053.6</subfield>
      <subfield code="e">Secretaría de Ext. Universitaria</subfield>
      <subfield code="8">CG</subfield>
    </datafield>
    <datafield tag="952" ind1=" " ind2=" ">
      <subfield code="a">BIB_RECT</subfield>
      <subfield code="b">SAT_PBNA</subfield>
      <subfield code="d">2009-11-18</subfield>
      <subfield code="y">BK</subfield>
      <subfield code="p">11-38534</subfield>
      <subfield code="i">11-38534</subfield>
      <subfield code="g">35</subfield>
      <subfield code="o">316.346.32-053.6</subfield>
      <subfield code="e">Secretaría de Ext. Universitaria</subfield>
      <subfield code="8">CG</subfield>
    </datafield>
    <datafield tag="952" ind1=" " ind2=" ">
      <subfield code="a">BIB_RECT</subfield>
      <subfield code="b">BIB_RECT</subfield>
      <subfield code="d">2009-11-18</subfield>
      <subfield code="y">BK</subfield>
      <subfield code="p">12-38536</subfield>
      <subfield code="i">12-38536</subfield>
      <subfield code="g">35</subfield>
      <subfield code="o">316.346.32-053.6</subfield>
      <subfield code="e">Secretaría de Ext. Universitaria</subfield>
      <subfield code="8">CG</subfield>
    </datafield>
    <datafield tag="952" ind1=" " ind2=" ">
      <subfield code="a">BIB_RECT</subfield>
      <subfield code="b">BIB_RECT</subfield>
      <subfield code="d">2009-11-18</subfield>
      <subfield code="y">BK</subfield>
      <subfield code="p">15-38538</subfield>
      <subfield code="i">15-38538</subfield>
      <subfield code="g">35</subfield>
      <subfield code="o">316.346.32-053.6</subfield>
      <subfield code="e">Secretaría de Ext. Universitaria</subfield>
      <subfield code="8">CG</subfield>
    </datafield>
    <datafield tag="952" ind1=" " ind2=" ">
      <subfield code="a">BIB_RECT</subfield>
      <subfield code="b">SAT_PDES</subfield>
      <subfield code="d">2009-11-18</subfield>
      <subfield code="y">BK</subfield>
      <subfield code="p">16-38541</subfield>
      <subfield code="i">16-38541</subfield>
      <subfield code="g">35</subfield>
      <subfield code="o">316.346.32-053.6</subfield>
      <subfield code="e">Secretaría de Ext. Universitaria</subfield>
      <subfield code="8">CG</subfield>
    </datafield>
    <datafield tag="952" ind1=" " ind2=" ">
      <subfield code="a">BIB_RECT</subfield>
      <subfield code="b">BIB_RECT</subfield>
      <subfield code="d">2009-11-18</subfield>
      <subfield code="y">BK</subfield>
      <subfield code="p">17-38540</subfield>
      <subfield code="i">17-38540</subfield>
      <subfield code="g">35</subfield>
      <subfield code="o">316.346.32-053.6</subfield>
      <subfield code="e">Secretaría de Ext. Universitaria</subfield>
      <subfield code="8">CG</subfield>
    </datafield>
    <datafield tag="952" ind1=" " ind2=" ">
      <subfield code="a">BIB_RECT</subfield>
      <subfield code="b">SAT_GREG</subfield>
      <subfield code="d">2009-11-18</subfield>
      <subfield code="y">BK</subfield>
      <subfield code="p">18-38537</subfield>
      <subfield code="i">18-38537</subfield>
      <subfield code="g">35</subfield>
      <subfield code="o">316.346.32-053.6</subfield>
      <subfield code="e">Secretaría de Ext. Universitaria</subfield>
      <subfield code="8">CG</subfield>
    </datafield>
    <datafield tag="952" ind1=" " ind2=" ">
      <subfield code="a">BIB_RECT</subfield>
      <subfield code="b">BIB_RECT</subfield>
      <subfield code="d">2009-11-18</subfield>
      <subfield code="y">BK</subfield>
      <subfield code="p">19-38539</subfield>
      <subfield code="i">19-38539</subfield>
      <subfield code="g">35</subfield>
      <subfield code="o">316.346.32-053.6</subfield>
      <subfield code="e">Secretaría de Ext. Universitaria</subfield>
      <subfield code="8">CG</subfield>
    </datafield>
  </record>