
  <record>
    <leader>01000aam  22002601a 4500</leader>
    <controlfield tag="001">YPZ92234</controlfield>
    <controlfield tag="003">YPZ</controlfield>
    <controlfield tag="005">200911201553590</controlfield>
    <controlfield tag="008">091120|###########||||||b||||||||||spa|d</controlfield>
    <datafield tag="020" ind1=" " ind2=" ">
      <subfield code="a">9502904125</subfield>
    </datafield>
    <datafield tag="040" ind1=" " ind2=" ">
      <subfield code="c">SIUNPA</subfield>
    </datafield>
    <datafield tag="041" ind1=" " ind2=" ">
      <subfield code="a">spa</subfield>
    </datafield>
    <datafield tag="044" ind1=" " ind2=" ">
      <subfield code="a">AR</subfield>
    </datafield>
    <datafield tag="080" ind1=" " ind2=" ">
      <subfield code="a">81'22 P438r</subfield>
    </datafield>
    <datafield tag="100" ind1=" " ind2=" ">
      <subfield code="a">Pérez de Medina, Elena.</subfield>
    </datafield>
    <datafield tag="700" ind1=" " ind2=" ">
      <subfield code="a">Balmayor, Emilce.</subfield>
    </datafield>
    <datafield tag="245" ind1=" " ind2=" ">
      <subfield code="a">Recorridos semiológicos</subfield>
      <subfield code="b"> : signos, enunciación y argumentación</subfield>
      <subfield code="c"> / Marafioti, Roberto, comp.</subfield>
    </datafield>
    <datafield tag="250" ind1=" " ind2=" ">
      <subfield code="a">1a ed.</subfield>
    </datafield>
    <datafield tag="260" ind1=" " ind2=" ">
      <subfield code="a">Buenos Aires</subfield>
      <subfield code="b"> : Eudeba</subfield>
      <subfield code="c"> , c1998</subfield>
    </datafield>
    <datafield tag="500" ind1=" " ind2=" ">
      <subfield code="a">El año de reimpresión varía según ejemplar</subfield>
    </datafield>
    <datafield tag="650" ind1=" " ind2=" ">
      <subfield code="a"> SEMIOLOGIA</subfield>
    </datafield>
    <datafield tag="650" ind1=" " ind2=" ">
      <subfield code="a"> ARGUMENTACION</subfield>
    </datafield>
    <datafield tag="650" ind1=" " ind2=" ">
      <subfield code="a"> SIGNO</subfield>
    </datafield>
    <datafield tag="650" ind1=" " ind2=" ">
      <subfield code="a"> DISCURSO</subfield>
    </datafield>
    <datafield tag="650" ind1=" " ind2=" ">
      <subfield code="a"> SEMIOTICA</subfield>
    </datafield>
    <datafield tag="942" ind1=" " ind2=" ">
      <subfield code="c">BK</subfield>
    </datafield>
    <datafield tag="952" ind1=" " ind2=" ">
      <subfield code="a">BIB_RECT</subfield>
      <subfield code="b">BIB_UARG</subfield>
      <subfield code="d">2011-08-15</subfield>
      <subfield code="y">BK</subfield>
      <subfield code="p">05-14871</subfield>
      <subfield code="i">05-14871</subfield>
      <subfield code="g">5.87</subfield>
      <subfield code="o">81'22 P438r</subfield>
      <subfield code="e">PRESIUNPA/00</subfield>
      <subfield code="8">CG</subfield>
    </datafield>
    <datafield tag="952" ind1=" " ind2=" ">
      <subfield code="a">BIB_RECT</subfield>
      <subfield code="b">BIB_UARG</subfield>
      <subfield code="d">2009-11-22</subfield>
      <subfield code="y">BK</subfield>
      <subfield code="p">05-14872</subfield>
      <subfield code="i">05-14872</subfield>
      <subfield code="g">52</subfield>
      <subfield code="o">81'22 P438r</subfield>
      <subfield code="e">PRESIUNPA/00</subfield>
      <subfield code="8">CG</subfield>
    </datafield>
    <datafield tag="952" ind1=" " ind2=" ">
      <subfield code="a">BIB_RECT</subfield>
      <subfield code="b">BIB_UARG</subfield>
      <subfield code="d">2011-08-15</subfield>
      <subfield code="y">BK</subfield>
      <subfield code="p">05-14878</subfield>
      <subfield code="i">05-14878</subfield>
      <subfield code="g">5.87</subfield>
      <subfield code="o">81'22 P438r</subfield>
      <subfield code="e">PRESIUNPA/00</subfield>
      <subfield code="8">CG</subfield>
    </datafield>
    <datafield tag="952" ind1=" " ind2=" ">
      <subfield code="a">BIB_RECT</subfield>
      <subfield code="b">BIB_UARG</subfield>
      <subfield code="d">2011-08-15</subfield>
      <subfield code="y">BK</subfield>
      <subfield code="p">05-14990</subfield>
      <subfield code="i">05-14990</subfield>
      <subfield code="g">5</subfield>
      <subfield code="o">81'22 P438r</subfield>
      <subfield code="e">Fomec 585</subfield>
      <subfield code="8">CG</subfield>
    </datafield>
    <datafield tag="952" ind1=" " ind2=" ">
      <subfield code="a">BIB_RECT</subfield>
      <subfield code="b">BIB_UARG</subfield>
      <subfield code="d">2011-08-15</subfield>
      <subfield code="y">BK</subfield>
      <subfield code="p">05-14991</subfield>
      <subfield code="i">05-14991</subfield>
      <subfield code="g">5</subfield>
      <subfield code="o">81'22 P438r</subfield>
      <subfield code="e">Fomec 585</subfield>
      <subfield code="8">CG</subfield>
    </datafield>
  </record>