
  <record>
    <leader>01000aam  22002601a 4500</leader>
    <controlfield tag="001">YPZ92243</controlfield>
    <controlfield tag="003">YPZ</controlfield>
    <controlfield tag="005">200911301458000</controlfield>
    <controlfield tag="008">091130|###########||||||b||||||||||spa|d</controlfield>
    <datafield tag="020" ind1=" " ind2=" ">
      <subfield code="a">8448107187</subfield>
    </datafield>
    <datafield tag="040" ind1=" " ind2=" ">
      <subfield code="c">SIUNPA</subfield>
    </datafield>
    <datafield tag="041" ind1=" " ind2=" ">
      <subfield code="a">spa</subfield>
    </datafield>
    <datafield tag="044" ind1=" " ind2=" ">
      <subfield code="a">ES</subfield>
    </datafield>
    <datafield tag="080" ind1=" " ind2=" ">
      <subfield code="a">004.65 M626m</subfield>
    </datafield>
    <datafield tag="245" ind1=" " ind2=" ">
      <subfield code="a">Microsoft Visual FoxPro 3 para Windows paso a paso</subfield>
      <subfield code="c"> / Ayala Palenzuela, Rosa María, tr. ; Iribarne Martínez, Luis Fernando, tr. ; Vaquero Sánchez, Antonio, rev. técnica ; Tunez Rodriguez, Samuel, rev. técnica</subfield>
    </datafield>
    <datafield tag="260" ind1=" " ind2=" ">
      <subfield code="a">Madrid</subfield>
      <subfield code="b"> : McGraw-Hill/Interamericana de España</subfield>
      <subfield code="c"> , 1997</subfield>
    </datafield>
    <datafield tag="300" ind1=" " ind2=" ">
      <subfield code="a">940 p. : </subfield>
      <subfield code="a">171 p. : </subfield>
      <subfield code="a">163 p. : </subfield>
      <subfield code="a">109 p. : </subfield>
      <subfield code="a">273 p. : </subfield>
      <subfield code="a">179 p. : </subfield>
      <subfield code="a">175 p. : </subfield>
      <subfield code="a">xi, 145 p. : </subfield>
      <subfield code="a">94 p. : </subfield>
      <subfield code="a">289 p. : </subfield>
      <subfield code="b">cuadros ; </subfield>
      <subfield code="a">xxxiii, [1062] p. en varias paginaciones : </subfield>
      <subfield code="b">il. ; </subfield>
      <subfield code="a">465 p. : </subfield>
      <subfield code="a">145 p. : </subfield>
      <subfield code="b">il. ; </subfield>
      <subfield code="a">156 p. : </subfield>
      <subfield code="a">143 p. : </subfield>
      <subfield code="a">387 p. : </subfield>
      <subfield code="a">398 p. : </subfield>
      <subfield code="a">166 p. : </subfield>
      <subfield code="a">283 p. : </subfield>
      <subfield code="a">424 p. : </subfield>
      <subfield code="b">il. ; </subfield>
      <subfield code="a">279 p. : </subfield>
      <subfield code="b">il. ; </subfield>
      <subfield code="a">571 p. : </subfield>
      <subfield code="b">il. ; </subfield>
      <subfield code="a">1165 p. : </subfield>
      <subfield code="a">78 p. : </subfield>
      <subfield code="a">125 p. : </subfield>
      <subfield code="a">483 p. : </subfield>
      <subfield code="a">119 p. : </subfield>
      <subfield code="b">il. ; </subfield>
      <subfield code="a">xiv, 563 p. : </subfield>
      <subfield code="b">il. ; </subfield>
      <subfield code="a">228 p. : </subfield>
      <subfield code="b">il. ; </subfield>
      <subfield code="a">xxxiii, 288 p. : </subfield>
      <subfield code="b">il. ; </subfield>
      <subfield code="e">1 disquete (3½) en bolsillo</subfield>
    </datafield>
    <datafield tag="500" ind1=" " ind2=" ">
      <subfield code="a">Contenido del disquete: Archivos de prácticas</subfield>
    </datafield>
    <datafield tag="650" ind1=" " ind2=" ">
      <subfield code="a"> BASES DE DATOS</subfield>
    </datafield>
    <datafield tag="650" ind1=" " ind2=" ">
      <subfield code="a"> FOXPRO</subfield>
    </datafield>
    <datafield tag="942" ind1=" " ind2=" ">
      <subfield code="c">BK</subfield>
    </datafield>
    <datafield tag="952" ind1=" " ind2=" ">
      <subfield code="a">BIB_RECT</subfield>
      <subfield code="b">BIB_UART</subfield>
      <subfield code="d">2009-11-30</subfield>
      <subfield code="y">BK</subfield>
      <subfield code="p">03-00988</subfield>
      <subfield code="i">03-00988</subfield>
      <subfield code="g">120</subfield>
      <subfield code="o">004.65 M626m</subfield>
      <subfield code="e">FOMEC O/C. 040/99</subfield>
      <subfield code="8">CG</subfield>
    </datafield>
    <datafield tag="952" ind1=" " ind2=" ">
      <subfield code="a">BIB_RECT</subfield>
      <subfield code="b">BIB_UARG</subfield>
      <subfield code="d">2009-11-30</subfield>
      <subfield code="y">BK</subfield>
      <subfield code="p">05-10645</subfield>
      <subfield code="i">05-10645</subfield>
      <subfield code="g">130</subfield>
      <subfield code="o">004.65 M626m</subfield>
      <subfield code="e">FOMEC 585</subfield>
      <subfield code="8">CG</subfield>
    </datafield>
  </record>