
  <record>
    <leader>01000aam  22002601a 4500</leader>
    <controlfield tag="001">YPZ92246</controlfield>
    <controlfield tag="003">YPZ</controlfield>
    <controlfield tag="005">200911301931290</controlfield>
    <controlfield tag="008">091130|###########||||||b||||||||||spa|d</controlfield>
    <datafield tag="020" ind1=" " ind2=" ">
      <subfield code="a">2831708818</subfield>
    </datafield>
    <datafield tag="020" ind1=" " ind2=" ">
      <subfield code="a">9782831708812</subfield>
    </datafield>
    <datafield tag="040" ind1=" " ind2=" ">
      <subfield code="c">SIUNPA</subfield>
    </datafield>
    <datafield tag="041" ind1=" " ind2=" ">
      <subfield code="a">eng</subfield>
    </datafield>
    <datafield tag="044" ind1=" " ind2=" ">
      <subfield code="a">CH</subfield>
    </datafield>
    <datafield tag="080" ind1=" " ind2=" ">
      <subfield code="a">502.72 E537s</subfield>
    </datafield>
    <datafield tag="100" ind1=" " ind2=" ">
      <subfield code="a">Emerton, Lucy.</subfield>
    </datafield>
    <datafield tag="700" ind1=" " ind2=" ">
      <subfield code="a">Bishop, Joshua.</subfield>
    </datafield>
    <datafield tag="700" ind1=" " ind2=" ">
      <subfield code="a">Thomas, Lee.</subfield>
    </datafield>
    <datafield tag="245" ind1=" " ind2=" ">
      <subfield code="a">Sustainable financing of protected areas</subfield>
      <subfield code="b"> : a global review of challenges and options</subfield>
    </datafield>
    <datafield tag="260" ind1=" " ind2=" ">
      <subfield code="a">Gland</subfield>
      <subfield code="b"> : World Conservation Union, IUCN</subfield>
      <subfield code="c"> , 2006</subfield>
    </datafield>
    <datafield tag="440" ind1=" " ind2=" ">
      <subfield code="a">Hombre y ciudad</subfield>
      <subfield code="a">Serie CLA-DE-MA. Antropología</subfield>
      <subfield code="a">Colección Daimon</subfield>
      <subfield code="a">Best practice protected area guidelines series</subfield>
      <subfield code="v">no. 13</subfield>
    </datafield>
    <datafield tag="490" ind1=" " ind2=" ">
      <subfield code="a">Hombre y ciudad</subfield>
      <subfield code="a">Serie CLA-DE-MA. Antropología</subfield>
      <subfield code="a">Colección Daimon</subfield>
      <subfield code="a">Best practice protected area guidelines series</subfield>
      <subfield code="v">no. 13</subfield>
    </datafield>
    <datafield tag="650" ind1=" " ind2=" ">
      <subfield code="a"> CONSERVACION DEL MEDIO AMBIENTE</subfield>
    </datafield>
    <datafield tag="650" ind1=" " ind2=" ">
      <subfield code="a"> AREAS PROTEGIDAS</subfield>
    </datafield>
    <datafield tag="650" ind1=" " ind2=" ">
      <subfield code="a"> FINANCIACION</subfield>
    </datafield>
    <datafield tag="650" ind1=" " ind2=" ">
      <subfield code="a"> PROTECCION AMBIENTAL</subfield>
    </datafield>
    <datafield tag="942" ind1=" " ind2=" ">
      <subfield code="c">BK</subfield>
    </datafield>
    <datafield tag="952" ind1=" " ind2=" ">
      <subfield code="a">BIB_RECT</subfield>
      <subfield code="b">BIB_UARG</subfield>
      <subfield code="d">2009-11-25</subfield>
      <subfield code="y">BK</subfield>
      <subfield code="p">05-38556</subfield>
      <subfield code="i">05-38556</subfield>
      <subfield code="g">147.2</subfield>
      <subfield code="o">502.72 E537s</subfield>
      <subfield code="e">Compra Rectorado Maestria RRNN</subfield>
      <subfield code="8">CG</subfield>
    </datafield>
  </record>