
  <record>
    <leader>01000aam  22002601a 4500</leader>
    <controlfield tag="001">YPZ92275</controlfield>
    <controlfield tag="003">YPZ</controlfield>
    <controlfield tag="005">200912101813270</controlfield>
    <controlfield tag="008">091210|###########||||||b||||||||||spa|d</controlfield>
    <datafield tag="020" ind1=" " ind2=" ">
      <subfield code="a">1402014651</subfield>
    </datafield>
    <datafield tag="040" ind1=" " ind2=" ">
      <subfield code="c">SIUNPA</subfield>
    </datafield>
    <datafield tag="041" ind1=" " ind2=" ">
      <subfield code="a">eng</subfield>
    </datafield>
    <datafield tag="044" ind1=" " ind2=" ">
      <subfield code="a">NL</subfield>
    </datafield>
    <datafield tag="080" ind1=" " ind2=" ">
      <subfield code="a">595.142 I616p7</subfield>
    </datafield>
    <datafield tag="110" ind1=" " ind2=" ">
      <subfield code="a">International Polychaete Conference (7 : 2001 : Reykjavik).</subfield>
    </datafield>
    <datafield tag="245" ind1=" " ind2=" ">
      <subfield code="a">Advances in polychaete research</subfield>
      <subfield code="c"> / Sigvaldadóttir, Elín, ed. ; Mackie, Andrew S.Y., ed. ; Helgason, Gudmundur V., ed. ; Reish, Donald J., ed. ; Savavarsson, Jörundur, ed. ; Steingrímsson, Sigmar A., ed. ; Gudmundsson, Gudmundur, ed.</subfield>
    </datafield>
    <datafield tag="260" ind1=" " ind2=" ">
      <subfield code="a">Dordrecht</subfield>
      <subfield code="b"> : Kluwer</subfield>
      <subfield code="c"> , 2003</subfield>
    </datafield>
    <datafield tag="440" ind1=" " ind2=" ">
      <subfield code="a">Trillas turismo</subfield>
      <subfield code="a">Trillas turismo</subfield>
      <subfield code="a">Manuales / Tirant lo Blanch</subfield>
      <subfield code="a">Developments in hydrobiology</subfield>
      <subfield code="v">170</subfield>
    </datafield>
    <datafield tag="490" ind1=" " ind2=" ">
      <subfield code="a">Trillas turismo</subfield>
      <subfield code="a">Trillas turismo</subfield>
      <subfield code="a">Manuales / Tirant lo Blanch</subfield>
      <subfield code="a">Developments in hydrobiology</subfield>
      <subfield code="v">170</subfield>
    </datafield>
    <datafield tag="650" ind1=" " ind2=" ">
      <subfield code="a"> ANNELIDA</subfield>
    </datafield>
    <datafield tag="942" ind1=" " ind2=" ">
      <subfield code="c">BK</subfield>
    </datafield>
    <datafield tag="952" ind1=" " ind2=" ">
      <subfield code="a">BIB_RECT</subfield>
      <subfield code="b">BIB_UASJ</subfield>
      <subfield code="d">2009-12-10</subfield>
      <subfield code="y">BK</subfield>
      <subfield code="p">04-38526</subfield>
      <subfield code="i">04-38526</subfield>
      <subfield code="g">510</subfield>
      <subfield code="o">595.142 I616p7</subfield>
      <subfield code="e">Compra Picto Nº30727</subfield>
      <subfield code="8">CG</subfield>
    </datafield>
  </record>