
  <record>
    <leader>01000aam  22002601a 4500</leader>
    <controlfield tag="001">YPZ92282</controlfield>
    <controlfield tag="003">YPZ</controlfield>
    <controlfield tag="005">200912141447150</controlfield>
    <controlfield tag="008">091214|###########||||||b||||||||||spa|d</controlfield>
    <datafield tag="020" ind1=" " ind2=" ">
      <subfield code="a">0194520285</subfield>
    </datafield>
    <datafield tag="040" ind1=" " ind2=" ">
      <subfield code="c">SIUNPA</subfield>
    </datafield>
    <datafield tag="041" ind1=" " ind2=" ">
      <subfield code="a">eng</subfield>
    </datafield>
    <datafield tag="044" ind1=" " ind2=" ">
      <subfield code="a">UK</subfield>
    </datafield>
    <datafield tag="080" ind1=" " ind2=" ">
      <subfield code="a">372.811.111 H737bus</subfield>
    </datafield>
    <datafield tag="100" ind1=" " ind2=" ">
      <subfield code="a">Hollett, Vicki.</subfield>
    </datafield>
    <datafield tag="245" ind1=" " ind2=" ">
      <subfield code="a">Business opportunities</subfield>
    </datafield>
    <datafield tag="250" ind1=" " ind2=" ">
      <subfield code="a">1st ed., 7th reimpr.</subfield>
    </datafield>
    <datafield tag="260" ind1=" " ind2=" ">
      <subfield code="a">Oxford</subfield>
      <subfield code="b"> : Oxford University Press</subfield>
      <subfield code="c"> , 1997</subfield>
    </datafield>
    <datafield tag="500" ind1=" " ind2=" ">
      <subfield code="a">Fotocopia</subfield>
    </datafield>
    <datafield tag="650" ind1=" " ind2=" ">
      <subfield code="a"> ENSEÑANZA DEL INGLES</subfield>
    </datafield>
    <datafield tag="650" ind1=" " ind2=" ">
      <subfield code="a"> LIBROS DE TEXTO</subfield>
    </datafield>
    <datafield tag="942" ind1=" " ind2=" ">
      <subfield code="c">BK</subfield>
    </datafield>
    <datafield tag="952" ind1=" " ind2=" ">
      <subfield code="a">BIB_RECT</subfield>
      <subfield code="b">BIB_UASJ</subfield>
      <subfield code="d">2009-11-25</subfield>
      <subfield code="y">BK</subfield>
      <subfield code="p">04-38560</subfield>
      <subfield code="i">04-38560</subfield>
      <subfield code="g">40</subfield>
      <subfield code="o">372.811.111 H737bus</subfield>
      <subfield code="e">Donación Externa</subfield>
      <subfield code="8">CG</subfield>
    </datafield>
  </record>