
  <record>
    <leader>01000aam  22002601a 4500</leader>
    <controlfield tag="001">YPZ92284</controlfield>
    <controlfield tag="003">YPZ</controlfield>
    <controlfield tag="005">200912141849170</controlfield>
    <controlfield tag="008">091214|###########||||||b||||||||||spa|d</controlfield>
    <datafield tag="020" ind1=" " ind2=" ">
      <subfield code="a">9681805720</subfield>
    </datafield>
    <datafield tag="040" ind1=" " ind2=" ">
      <subfield code="c">SIUNPA</subfield>
    </datafield>
    <datafield tag="041" ind1=" " ind2=" ">
      <subfield code="a">spa</subfield>
    </datafield>
    <datafield tag="044" ind1=" " ind2=" ">
      <subfield code="a">MX</subfield>
    </datafield>
    <datafield tag="080" ind1=" " ind2=" ">
      <subfield code="a">519.8 A182f</subfield>
    </datafield>
    <datafield tag="100" ind1=" " ind2=" ">
      <subfield code="a">Ackoff, Russell L..</subfield>
    </datafield>
    <datafield tag="700" ind1=" " ind2=" ">
      <subfield code="a">Sasieni, Maurice W..</subfield>
    </datafield>
    <datafield tag="245" ind1=" " ind2=" ">
      <subfield code="a">Fundamentos de investigación de operaciones</subfield>
      <subfield code="c"> / Jiménez Ruiz, Enrique, tr. ; Gómez Figueroa, Carlos, rev.</subfield>
    </datafield>
    <datafield tag="260" ind1=" " ind2=" ">
      <subfield code="a">México, D.F.</subfield>
      <subfield code="b"> : Limusa</subfield>
      <subfield code="c"> , 1997</subfield>
    </datafield>
    <datafield tag="650" ind1=" " ind2=" ">
      <subfield code="a"> INVESTIGACION OPERATIVA</subfield>
    </datafield>
    <datafield tag="650" ind1=" " ind2=" ">
      <subfield code="a"> PROGRAMACION MATEMATICA</subfield>
    </datafield>
    <datafield tag="650" ind1=" " ind2=" ">
      <subfield code="a"> PROGRAMACION LINEAL</subfield>
    </datafield>
    <datafield tag="942" ind1=" " ind2=" ">
      <subfield code="c">BK</subfield>
    </datafield>
    <datafield tag="952" ind1=" " ind2=" ">
      <subfield code="a">BIB_RECT</subfield>
      <subfield code="b">BIB_UARG</subfield>
      <subfield code="d">2009-12-14</subfield>
      <subfield code="y">BK</subfield>
      <subfield code="p">05-13754</subfield>
      <subfield code="i">05-13754</subfield>
      <subfield code="g">98</subfield>
      <subfield code="o">519.8 A182f</subfield>
      <subfield code="e">PRESIUNP/00</subfield>
      <subfield code="8">CG</subfield>
    </datafield>
    <datafield tag="952" ind1=" " ind2=" ">
      <subfield code="a">BIB_RECT</subfield>
      <subfield code="b">BIB_UARG</subfield>
      <subfield code="d">2009-12-14</subfield>
      <subfield code="y">BK</subfield>
      <subfield code="p">05-13755</subfield>
      <subfield code="i">05-13755</subfield>
      <subfield code="g">98</subfield>
      <subfield code="o">519.8 A182f</subfield>
      <subfield code="e">PRESIUNP/00</subfield>
      <subfield code="8">CG</subfield>
    </datafield>
  </record>