
  <record>
    <leader>01000aam  22002601a 4500</leader>
    <controlfield tag="001">YPZ92285</controlfield>
    <controlfield tag="003">YPZ</controlfield>
    <controlfield tag="005">200912141905540</controlfield>
    <controlfield tag="008">091214|###########||||||b||||||||||spa|d</controlfield>
    <datafield tag="020" ind1=" " ind2=" ">
      <subfield code="a">9701701666</subfield>
    </datafield>
    <datafield tag="040" ind1=" " ind2=" ">
      <subfield code="c">SIUNPA</subfield>
    </datafield>
    <datafield tag="041" ind1=" " ind2=" ">
      <subfield code="a">spa</subfield>
    </datafield>
    <datafield tag="044" ind1=" " ind2=" ">
      <subfield code="a">MX</subfield>
    </datafield>
    <datafield tag="080" ind1=" " ind2=" ">
      <subfield code="a">519.8 T128i6</subfield>
    </datafield>
    <datafield tag="100" ind1=" " ind2=" ">
      <subfield code="a">Taha, Hamdy A..</subfield>
    </datafield>
    <datafield tag="245" ind1=" " ind2=" ">
      <subfield code="a">Investigación de operaciones</subfield>
      <subfield code="b"> : una introducción. Sexta edición</subfield>
      <subfield code="c"> / Meza Staines, Guadalupe, tr. ; Cruz, Ricardo, tr. ; Fernández Gamero, Ángel, rev. técnica</subfield>
    </datafield>
    <datafield tag="250" ind1=" " ind2=" ">
      <subfield code="a">1a ed. en español</subfield>
    </datafield>
    <datafield tag="260" ind1=" " ind2=" ">
      <subfield code="a">Naulcalpan de Juárez</subfield>
      <subfield code="b"> : Prentice-Hall</subfield>
      <subfield code="c"> , 1998</subfield>
    </datafield>
    <datafield tag="300" ind1=" " ind2=" ">
      <subfield code="a">127 p. : </subfield>
      <subfield code="b">il. ; </subfield>
      <subfield code="a">125 p. : </subfield>
      <subfield code="b">cuadros ; </subfield>
      <subfield code="a">142 p. : </subfield>
      <subfield code="b">il. ; </subfield>
      <subfield code="a">348 p. : </subfield>
      <subfield code="b">il. ; </subfield>
      <subfield code="a">263 p. : </subfield>
      <subfield code="b">il. ; </subfield>
      <subfield code="a">211 p. : </subfield>
      <subfield code="b">cuadros ; </subfield>
      <subfield code="a">200 p. : </subfield>
      <subfield code="b">il. ; </subfield>
      <subfield code="a">342 p. : </subfield>
      <subfield code="b">il. ; </subfield>
      <subfield code="a">x, 399 p. : </subfield>
      <subfield code="b">il. ; </subfield>
      <subfield code="a">298 p. : </subfield>
      <subfield code="b">il. ; </subfield>
      <subfield code="a">175 p. : </subfield>
      <subfield code="b">il. ; </subfield>
      <subfield code="a">139 p. : </subfield>
      <subfield code="a">269 p. : </subfield>
      <subfield code="a">191 p. : </subfield>
      <subfield code="b">il. ; </subfield>
      <subfield code="a">502 p. : </subfield>
      <subfield code="b">il. ; </subfield>
      <subfield code="a">xx, 916 p. : </subfield>
      <subfield code="b">il. ; </subfield>
      <subfield code="e">1 disquete (3½) en bolsillo</subfield>
    </datafield>
    <datafield tag="650" ind1=" " ind2=" ">
      <subfield code="a"> INVESTIGACION OPERATIVA</subfield>
    </datafield>
    <datafield tag="650" ind1=" " ind2=" ">
      <subfield code="a"> PROGRAMACION MATEMATICA</subfield>
    </datafield>
    <datafield tag="650" ind1=" " ind2=" ">
      <subfield code="a"> PROGRAMACION LINEAL</subfield>
    </datafield>
    <datafield tag="942" ind1=" " ind2=" ">
      <subfield code="c">BK</subfield>
    </datafield>
    <datafield tag="952" ind1=" " ind2=" ">
      <subfield code="a">BIB_RECT</subfield>
      <subfield code="b">BIB_UARG</subfield>
      <subfield code="d">2009-12-14</subfield>
      <subfield code="y">BK</subfield>
      <subfield code="p">05-14132</subfield>
      <subfield code="i">05-14132</subfield>
      <subfield code="g">99</subfield>
      <subfield code="o">519.8 T128i6</subfield>
      <subfield code="e">PRESIUNP/00</subfield>
      <subfield code="8">CG</subfield>
    </datafield>
    <datafield tag="952" ind1=" " ind2=" ">
      <subfield code="a">BIB_RECT</subfield>
      <subfield code="b">BIB_UARG</subfield>
      <subfield code="d">2009-12-14</subfield>
      <subfield code="y">BK</subfield>
      <subfield code="p">05-14157</subfield>
      <subfield code="i">05-14157</subfield>
      <subfield code="g">99</subfield>
      <subfield code="o">519.8 T128i6</subfield>
      <subfield code="e">PRESIUNP/00</subfield>
      <subfield code="8">CG</subfield>
    </datafield>
  </record>