
  <record>
    <leader>01000aam  22002601a 4500</leader>
    <controlfield tag="001">YPZ92297</controlfield>
    <controlfield tag="003">YPZ</controlfield>
    <controlfield tag="005">200912211024050</controlfield>
    <controlfield tag="008">091221|###########||||||b||||||||||spa|d</controlfield>
    <datafield tag="020" ind1=" " ind2=" ">
      <subfield code="a">9879992113</subfield>
    </datafield>
    <datafield tag="040" ind1=" " ind2=" ">
      <subfield code="c">SIUNPA</subfield>
    </datafield>
    <datafield tag="041" ind1=" " ind2=" ">
      <subfield code="a">spa</subfield>
    </datafield>
    <datafield tag="044" ind1=" " ind2=" ">
      <subfield code="a">AR</subfield>
    </datafield>
    <datafield tag="080" ind1=" " ind2=" ">
      <subfield code="a">94(828.8) B234d3</subfield>
    </datafield>
    <datafield tag="100" ind1=" " ind2=" ">
      <subfield code="a">Barbería, Elsa Mabel.</subfield>
    </datafield>
    <datafield tag="245" ind1=" " ind2=" ">
      <subfield code="a">Los dueños de la tierra en la Patagonia austral, 1880-1920</subfield>
    </datafield>
    <datafield tag="250" ind1=" " ind2=" ">
      <subfield code="a">3a ed.</subfield>
    </datafield>
    <datafield tag="260" ind1=" " ind2=" ">
      <subfield code="a">Río Gallegos</subfield>
      <subfield code="b"> : Universidad Nacional de la Patagonia Austral</subfield>
      <subfield code="c"> , 2001</subfield>
    </datafield>
    <datafield tag="650" ind1=" " ind2=" ">
      <subfield code="a"> HISTORIA DE SANTA CRUZ</subfield>
    </datafield>
    <datafield tag="650" ind1=" " ind2=" ">
      <subfield code="a"> TENENCIA DE LA TIERRA </subfield>
    </datafield>
    <datafield tag="650" ind1=" " ind2=" ">
      <subfield code="a"> ARRENDATARIOS </subfield>
    </datafield>
    <datafield tag="650" ind1=" " ind2=" ">
      <subfield code="a"> POBLAMIENTO </subfield>
    </datafield>
    <datafield tag="650" ind1=" " ind2=" ">
      <subfield code="a"> LATIFUNDIOS </subfield>
    </datafield>
    <datafield tag="650" ind1=" " ind2=" ">
      <subfield code="a"> RESERVAS INDIGENAS </subfield>
    </datafield>
    <datafield tag="650" ind1=" " ind2=" ">
      <subfield code="a"> LEY GENERAL DE TIERRAS </subfield>
    </datafield>
    <datafield tag="650" ind1=" " ind2=" ">
      <subfield code="a"> LATIFUNDIOS </subfield>
    </datafield>
    <datafield tag="650" ind1=" " ind2=" ">
      <subfield code="a"> EMPRESAS GANADERAS</subfield>
    </datafield>
    <datafield tag="650" ind1=" " ind2=" ">
      <subfield code="a"> OCUPACION DE LA TIERRA</subfield>
    </datafield>
    <datafield tag="650" ind1=" " ind2=" ">
      <subfield code="a"> POLITICA DE DISTRIBUCION DE TIERRAS</subfield>
    </datafield>
    <datafield tag="650" ind1=" " ind2=" ">
      <subfield code="a"> PROPIETARIOS </subfield>
    </datafield>
    <datafield tag="650" ind1=" " ind2=" ">
      <subfield code="a"> SIGLO XIX </subfield>
    </datafield>
    <datafield tag="650" ind1=" " ind2=" ">
      <subfield code="a"> SIGLO XX</subfield>
    </datafield>
    <datafield tag="942" ind1=" " ind2=" ">
      <subfield code="c">BK</subfield>
    </datafield>
    <datafield tag="952" ind1=" " ind2=" ">
      <subfield code="a">BIB_RECT</subfield>
      <subfield code="b">BIB_UACO</subfield>
      <subfield code="d">2010-02-22</subfield>
      <subfield code="y">BK</subfield>
      <subfield code="p">02-38622</subfield>
      <subfield code="i">02-38622</subfield>
      <subfield code="g">70</subfield>
      <subfield code="o">94(828.8) B234d3</subfield>
      <subfield code="e">Secretaría de Extensión Rectorado</subfield>
      <subfield code="8">CG</subfield>
    </datafield>
    <datafield tag="952" ind1=" " ind2=" ">
      <subfield code="a">BIB_RECT</subfield>
      <subfield code="b">BIB_UACO</subfield>
      <subfield code="d">2010-02-22</subfield>
      <subfield code="y">BK</subfield>
      <subfield code="p">02-38623</subfield>
      <subfield code="i">02-38623</subfield>
      <subfield code="g">70</subfield>
      <subfield code="o">94(828.8) B234d3</subfield>
      <subfield code="e">Secretaría de Extensión Rectorado</subfield>
      <subfield code="8">CG</subfield>
    </datafield>
    <datafield tag="952" ind1=" " ind2=" ">
      <subfield code="a">BIB_RECT</subfield>
      <subfield code="b">BIB_UART</subfield>
      <subfield code="d">2010-02-19</subfield>
      <subfield code="y">BK</subfield>
      <subfield code="p">03-38593</subfield>
      <subfield code="i">03-38593</subfield>
      <subfield code="g">70</subfield>
      <subfield code="o">94(828.8) B234d3</subfield>
      <subfield code="e">Donación Secretaría de Extensión</subfield>
      <subfield code="8">CG</subfield>
    </datafield>
    <datafield tag="952" ind1=" " ind2=" ">
      <subfield code="a">BIB_RECT</subfield>
      <subfield code="b">BIB_UART</subfield>
      <subfield code="d">2010-02-19</subfield>
      <subfield code="y">BK</subfield>
      <subfield code="p">03-38594</subfield>
      <subfield code="i">03-38594</subfield>
      <subfield code="g">70</subfield>
      <subfield code="o">94(828.8) B234d3</subfield>
      <subfield code="e">Donación Secretaría de Extensión</subfield>
      <subfield code="8">CG</subfield>
    </datafield>
    <datafield tag="952" ind1=" " ind2=" ">
      <subfield code="a">BIB_RECT</subfield>
      <subfield code="b">BIB_UASJ</subfield>
      <subfield code="d">2010-02-19</subfield>
      <subfield code="y">BK</subfield>
      <subfield code="p">04-38600</subfield>
      <subfield code="i">04-38600</subfield>
      <subfield code="g">70</subfield>
      <subfield code="o">94(828.8) B234d3</subfield>
      <subfield code="e">Desconocido</subfield>
      <subfield code="8">CG</subfield>
    </datafield>
    <datafield tag="952" ind1=" " ind2=" ">
      <subfield code="a">BIB_RECT</subfield>
      <subfield code="b">BIB_UASJ</subfield>
      <subfield code="d">2015-03-02</subfield>
      <subfield code="y">BK</subfield>
      <subfield code="p">04-47118</subfield>
      <subfield code="i">04-47118</subfield>
      <subfield code="g">70</subfield>
      <subfield code="o">94(828.8) B234d3</subfield>
      <subfield code="e">UASJ</subfield>
      <subfield code="8">CG</subfield>
    </datafield>
    <datafield tag="952" ind1=" " ind2=" ">
      <subfield code="a">BIB_RECT</subfield>
      <subfield code="b">BIB_UASJ</subfield>
      <subfield code="d">2015-03-02</subfield>
      <subfield code="y">BK</subfield>
      <subfield code="p">04-47119</subfield>
      <subfield code="i">04-47119</subfield>
      <subfield code="g">70</subfield>
      <subfield code="o">94(828.8) B234d3</subfield>
      <subfield code="e">UASJ</subfield>
      <subfield code="8">CG</subfield>
    </datafield>
    <datafield tag="952" ind1=" " ind2=" ">
      <subfield code="a">BIB_RECT</subfield>
      <subfield code="b">BIB_UARG</subfield>
      <subfield code="d">2010-02-19</subfield>
      <subfield code="y">BK</subfield>
      <subfield code="p">05-38602</subfield>
      <subfield code="i">05-38602</subfield>
      <subfield code="g">70</subfield>
      <subfield code="o">94(828.8) B234d3</subfield>
      <subfield code="e">Donación Secretaría de Extensión</subfield>
      <subfield code="8">CG</subfield>
    </datafield>
    <datafield tag="952" ind1=" " ind2=" ">
      <subfield code="a">BIB_RECT</subfield>
      <subfield code="b">BIB_UARG</subfield>
      <subfield code="d">2010-02-19</subfield>
      <subfield code="y">BK</subfield>
      <subfield code="p">05-38603</subfield>
      <subfield code="i">05-38603</subfield>
      <subfield code="g">70</subfield>
      <subfield code="o">94(828.8) B234d3</subfield>
      <subfield code="e">Donación Secretaría de Extensión</subfield>
      <subfield code="8">CG</subfield>
    </datafield>
    <datafield tag="952" ind1=" " ind2=" ">
      <subfield code="a">BIB_RECT</subfield>
      <subfield code="b">BIB_UARG</subfield>
      <subfield code="d">2010-02-19</subfield>
      <subfield code="y">BK</subfield>
      <subfield code="p">05-38604</subfield>
      <subfield code="i">05-38604</subfield>
      <subfield code="g">70</subfield>
      <subfield code="o">94(828.8) B234d3</subfield>
      <subfield code="e">Donación Secretaría de Extensión</subfield>
      <subfield code="8">CG</subfield>
    </datafield>
    <datafield tag="952" ind1=" " ind2=" ">
      <subfield code="a">BIB_RECT</subfield>
      <subfield code="b">BIB_UARG</subfield>
      <subfield code="d">2010-02-19</subfield>
      <subfield code="y">BK</subfield>
      <subfield code="p">05-38605</subfield>
      <subfield code="i">05-38605</subfield>
      <subfield code="g">70</subfield>
      <subfield code="o">94(828.8) B234d3</subfield>
      <subfield code="e">Donación Secretaría de Extensión</subfield>
      <subfield code="8">CG</subfield>
    </datafield>
    <datafield tag="952" ind1=" " ind2=" ">
      <subfield code="a">BIB_RECT</subfield>
      <subfield code="b">SAT_TRUN</subfield>
      <subfield code="d">2010-02-22</subfield>
      <subfield code="y">BK</subfield>
      <subfield code="p">10-38613</subfield>
      <subfield code="i">10-38613</subfield>
      <subfield code="g">70</subfield>
      <subfield code="o">94(828.8) B234d3</subfield>
      <subfield code="e">Donación Secretaría de Extensión Rectora</subfield>
      <subfield code="8">CG</subfield>
    </datafield>
    <datafield tag="952" ind1=" " ind2=" ">
      <subfield code="a">BIB_RECT</subfield>
      <subfield code="b">SAT_PBNA</subfield>
      <subfield code="d">2009-12-21</subfield>
      <subfield code="y">BK</subfield>
      <subfield code="p">11-38588</subfield>
      <subfield code="i">11-38588</subfield>
      <subfield code="g">70</subfield>
      <subfield code="o">94(828.8) B234d3</subfield>
      <subfield code="e">Secretaría de Extensión Rectorado</subfield>
      <subfield code="8">CG</subfield>
    </datafield>
    <datafield tag="952" ind1=" " ind2=" ">
      <subfield code="a">BIB_RECT</subfield>
      <subfield code="b">SAT_PBNA</subfield>
      <subfield code="d">2015-03-02</subfield>
      <subfield code="y">BK</subfield>
      <subfield code="p">11-47123</subfield>
      <subfield code="i">11-47123</subfield>
      <subfield code="g">70</subfield>
      <subfield code="o">94(828.8) B234d3</subfield>
      <subfield code="e">UASJ</subfield>
      <subfield code="8">CG</subfield>
    </datafield>
    <datafield tag="952" ind1=" " ind2=" ">
      <subfield code="a">BIB_RECT</subfield>
      <subfield code="b">SAT_PBNA</subfield>
      <subfield code="d">2015-03-02</subfield>
      <subfield code="y">BK</subfield>
      <subfield code="p">11-47124</subfield>
      <subfield code="i">11-47124</subfield>
      <subfield code="g">70</subfield>
      <subfield code="o">94(828.8) B234d3</subfield>
      <subfield code="e">UASJ</subfield>
      <subfield code="8">CG</subfield>
    </datafield>
    <datafield tag="952" ind1=" " ind2=" ">
      <subfield code="a">BIB_RECT</subfield>
      <subfield code="b">SAT_GREG</subfield>
      <subfield code="d">2010-02-22</subfield>
      <subfield code="y">BK</subfield>
      <subfield code="p">18-38616</subfield>
      <subfield code="i">18-38616</subfield>
      <subfield code="g">70</subfield>
      <subfield code="o">94(828.8) B234d3</subfield>
      <subfield code="e">Secretaría de Extensión</subfield>
      <subfield code="8">CG</subfield>
    </datafield>
    <datafield tag="952" ind1=" " ind2=" ">
      <subfield code="a">BIB_RECT</subfield>
      <subfield code="b">SAT_GREG</subfield>
      <subfield code="d">2015-03-02</subfield>
      <subfield code="y">BK</subfield>
      <subfield code="p">18-47121</subfield>
      <subfield code="i">18-47121</subfield>
      <subfield code="g">70</subfield>
      <subfield code="o">94(828.8) B234d3</subfield>
      <subfield code="e">UASJ</subfield>
      <subfield code="8">CG</subfield>
    </datafield>
    <datafield tag="952" ind1=" " ind2=" ">
      <subfield code="a">BIB_RECT</subfield>
      <subfield code="b">SAT_GREG</subfield>
      <subfield code="d">2015-03-02</subfield>
      <subfield code="y">BK</subfield>
      <subfield code="p">18-47122</subfield>
      <subfield code="i">18-47122</subfield>
      <subfield code="g">70</subfield>
      <subfield code="o">94(828.8) B234d3</subfield>
      <subfield code="e">UASJ</subfield>
      <subfield code="8">CG</subfield>
    </datafield>
  </record>