
  <record>
    <leader>01000aam  22002601a 4500</leader>
    <controlfield tag="001">YPZ92305</controlfield>
    <controlfield tag="003">YPZ</controlfield>
    <controlfield tag="005">201002081616120</controlfield>
    <controlfield tag="008">100208|###########||||||b||||||||||spa|d</controlfield>
    <datafield tag="020" ind1=" " ind2=" ">
      <subfield code="a">8420618586</subfield>
    </datafield>
    <datafield tag="040" ind1=" " ind2=" ">
      <subfield code="c">SIUNPA</subfield>
    </datafield>
    <datafield tag="041" ind1=" " ind2=" ">
      <subfield code="a">spa</subfield>
    </datafield>
    <datafield tag="044" ind1=" " ind2=" ">
      <subfield code="a">ES</subfield>
    </datafield>
    <datafield tag="080" ind1=" " ind2=" ">
      <subfield code="a">821.133.1 C211c</subfield>
    </datafield>
    <datafield tag="100" ind1=" " ind2=" ">
      <subfield code="a">Camus, Albert.</subfield>
    </datafield>
    <datafield tag="245" ind1=" " ind2=" ">
      <subfield code="a">Calígula</subfield>
      <subfield code="c"> / Bernárdez, Aurora, tr. ; Salabert, Miguel, rev. y completada</subfield>
    </datafield>
    <datafield tag="250" ind1=" " ind2=" ">
      <subfield code="a">1a ed., 6a. reimpr.</subfield>
    </datafield>
    <datafield tag="260" ind1=" " ind2=" ">
      <subfield code="a">Madrid</subfield>
      <subfield code="b"> : Alianza</subfield>
      <subfield code="c"> , 1995</subfield>
    </datafield>
    <datafield tag="440" ind1=" " ind2=" ">
      <subfield code="a">El libro de bolsillo. Sección Literatura</subfield>
      <subfield code="v">858</subfield>
    </datafield>
    <datafield tag="490" ind1=" " ind2=" ">
      <subfield code="a">El libro de bolsillo. Sección Literatura</subfield>
      <subfield code="v">858</subfield>
    </datafield>
    <datafield tag="650" ind1=" " ind2=" ">
      <subfield code="a"> LITERATURA FRANCESA</subfield>
    </datafield>
    <datafield tag="650" ind1=" " ind2=" ">
      <subfield code="a"> TEATRO FRANCES</subfield>
    </datafield>
    <datafield tag="942" ind1=" " ind2=" ">
      <subfield code="c">BK</subfield>
    </datafield>
    <datafield tag="952" ind1=" " ind2=" ">
      <subfield code="a">BIB_RECT</subfield>
      <subfield code="b">BIB_UARG</subfield>
      <subfield code="d">2010-02-08</subfield>
      <subfield code="y">BK</subfield>
      <subfield code="p">05-10897</subfield>
      <subfield code="i">05-10897</subfield>
      <subfield code="g">32</subfield>
      <subfield code="o">821.133.1 C211c</subfield>
      <subfield code="e">FOMEC 578/97</subfield>
      <subfield code="8">CG</subfield>
    </datafield>
  </record>