
  <record>
    <leader>01000aam  22002601a 4500</leader>
    <controlfield tag="001">YPZ92318</controlfield>
    <controlfield tag="003">YPZ</controlfield>
    <controlfield tag="005">201002101338330</controlfield>
    <controlfield tag="008">100210|###########||||||b||||||||||spa|d</controlfield>
    <datafield tag="040" ind1=" " ind2=" ">
      <subfield code="c">SIUNPA</subfield>
    </datafield>
    <datafield tag="041" ind1=" " ind2=" ">
      <subfield code="a">spa</subfield>
    </datafield>
    <datafield tag="044" ind1=" " ind2=" ">
      <subfield code="a">AR</subfield>
    </datafield>
    <datafield tag="080" ind1=" " ind2=" ">
      <subfield code="a">930(82) C963h</subfield>
    </datafield>
    <datafield tag="100" ind1=" " ind2=" ">
      <subfield code="a">Cuccorese, Horacio Juan.</subfield>
    </datafield>
    <datafield tag="245" ind1=" " ind2=" ">
      <subfield code="a">Historia crítica de la historiografía socioeconómica Argentina del siglo XX</subfield>
    </datafield>
    <datafield tag="260" ind1=" " ind2=" ">
      <subfield code="a">La Plata</subfield>
      <subfield code="b"> : Universidad Nacional de La Plata. Facultad de Humanidades y Ciencias de la Educación. Departamento de Historia</subfield>
      <subfield code="c"> , 1975</subfield>
    </datafield>
    <datafield tag="440" ind1=" " ind2=" ">
      <subfield code="a">Monografías y tesis / Universidad Nacional de La Plata. Facultad de Humanidades y Ciencias de la Educación. Departamento de Historia</subfield>
      <subfield code="v">9</subfield>
    </datafield>
    <datafield tag="490" ind1=" " ind2=" ">
      <subfield code="a">Monografías y tesis / Universidad Nacional de La Plata. Facultad de Humanidades y Ciencias de la Educación. Departamento de Historia</subfield>
      <subfield code="v">9</subfield>
    </datafield>
    <datafield tag="650" ind1=" " ind2=" ">
      <subfield code="a"> HISTORIA ARGENTINA</subfield>
    </datafield>
    <datafield tag="650" ind1=" " ind2=" ">
      <subfield code="a"> HISTORIOGRAFIA</subfield>
    </datafield>
    <datafield tag="650" ind1=" " ind2=" ">
      <subfield code="a"> HISTORIA ECONOMICA</subfield>
    </datafield>
    <datafield tag="650" ind1=" " ind2=" ">
      <subfield code="a"> HISTORIA SOCIAL</subfield>
    </datafield>
    <datafield tag="942" ind1=" " ind2=" ">
      <subfield code="c">BK</subfield>
    </datafield>
    <datafield tag="952" ind1=" " ind2=" ">
      <subfield code="a">BIB_RECT</subfield>
      <subfield code="b">BIB_UARG</subfield>
      <subfield code="d">2010-02-10</subfield>
      <subfield code="y">BK</subfield>
      <subfield code="p">05-02001</subfield>
      <subfield code="i">05-02001</subfield>
      <subfield code="g">49</subfield>
      <subfield code="o">930(82) C963h</subfield>
      <subfield code="e">Acad. Nacional de Historia La Plata/76</subfield>
      <subfield code="8">CG</subfield>
    </datafield>
  </record>