
  <record>
    <leader>01000aam  22002601a 4500</leader>
    <controlfield tag="001">YPZ92327</controlfield>
    <controlfield tag="003">YPZ</controlfield>
    <controlfield tag="005">201002121809170</controlfield>
    <controlfield tag="008">100212|###########||||||b||||||||||spa|d</controlfield>
    <datafield tag="020" ind1=" " ind2=" ">
      <subfield code="a">8424914872 (o.c.)</subfield>
    </datafield>
    <datafield tag="020" ind1=" " ind2=" ">
      <subfield code="a">8424914872 (t.1)</subfield>
    </datafield>
    <datafield tag="020" ind1=" " ind2=" ">
      <subfield code="a">8424908872 (t.2)</subfield>
    </datafield>
    <datafield tag="020" ind1=" " ind2=" ">
      <subfield code="a">8424910362 (t.3)</subfield>
    </datafield>
    <datafield tag="020" ind1=" " ind2=" ">
      <subfield code="a">8424910273 (t.4)</subfield>
    </datafield>
    <datafield tag="020" ind1=" " ind2=" ">
      <subfield code="a">8424912799 (t.5)</subfield>
    </datafield>
    <datafield tag="020" ind1=" " ind2=" ">
      <subfield code="a">8424914759 (t.6)</subfield>
    </datafield>
    <datafield tag="020" ind1=" " ind2=" ">
      <subfield code="a">8424914783 (t.7)</subfield>
    </datafield>
    <datafield tag="040" ind1=" " ind2=" ">
      <subfield code="c">SIUNPA</subfield>
    </datafield>
    <datafield tag="041" ind1=" " ind2=" ">
      <subfield code="a">spa</subfield>
    </datafield>
    <datafield tag="044" ind1=" " ind2=" ">
      <subfield code="a">ES</subfield>
    </datafield>
    <datafield tag="080" ind1=" " ind2=" ">
      <subfield code="a">141.131 P718d</subfield>
    </datafield>
    <datafield tag="100" ind1=" " ind2=" ">
      <subfield code="a">Platón.</subfield>
    </datafield>
    <datafield tag="245" ind1=" " ind2=" ">
      <subfield code="a">Diálogos</subfield>
    </datafield>
    <datafield tag="250" ind1=" " ind2=" ">
      <subfield code="a">1a ed.</subfield>
    </datafield>
    <datafield tag="260" ind1=" " ind2=" ">
      <subfield code="a">Madrid</subfield>
      <subfield code="b"> : Gredos</subfield>
      <subfield code="c"> , c1981-1992</subfield>
    </datafield>
    <datafield tag="440" ind1=" " ind2=" ">
      <subfield code="a">Biblioteca clásica Gredos</subfield>
      <subfield code="v">37-61-93-94-117-162</subfield>
    </datafield>
    <datafield tag="490" ind1=" " ind2=" ">
      <subfield code="a">Biblioteca clásica Gredos</subfield>
      <subfield code="v">37-61-93-94-117-162</subfield>
    </datafield>
    <datafield tag="500" ind1=" " ind2=" ">
      <subfield code="a">La biblioteca posee t.1-7</subfield>
    </datafield>
    <datafield tag="500" ind1=" " ind2=" ">
      <subfield code="a">El año de reimpresión varía según el ejemplar</subfield>
    </datafield>
    <datafield tag="505" ind1=" " ind2=" ">
      <subfield code="a">Contenido: t.1. Apología - Critón - Eutifrón - Ion - Lisis - Cármides - Hipias Menor - Hipias Mayor - Laques - Protágoras -- t.2. Georgias - Menéxeno - Eutidemo - Menón - Crátilo -- t.3. Fedón - Banquete - Fedro -- t.4. República -- t.5. Parménides - Teeteto - Sofista - Político -- t.6. Filebo - Timeo - Critias -- t.7. Dudosos - Apócrifos - Cartas</subfield>
    </datafield>
    <datafield tag="650" ind1=" " ind2=" ">
      <subfield code="a"> FILOSOFIA GRIEGA</subfield>
    </datafield>
    <datafield tag="650" ind1=" " ind2=" ">
      <subfield code="a"> PLATON (428</subfield>
    </datafield>
    <datafield tag="650" ind1=" " ind2=" ">
      <subfield code="a">354 a.c.)</subfield>
    </datafield>
    <datafield tag="942" ind1=" " ind2=" ">
      <subfield code="c">BK</subfield>
    </datafield>
    <datafield tag="952" ind1=" " ind2=" ">
      <subfield code="a">BIB_RECT</subfield>
      <subfield code="b">BIB_UARG</subfield>
      <subfield code="d">2012-12-13</subfield>
      <subfield code="y">BK</subfield>
      <subfield code="p">05-11771</subfield>
      <subfield code="i">05-11771</subfield>
      <subfield code="g">150</subfield>
      <subfield code="o">141.131 P718d</subfield>
      <subfield code="e">FOMEC 578</subfield>
      <subfield code="8">CG</subfield>
    </datafield>
    <datafield tag="952" ind1=" " ind2=" ">
      <subfield code="a">BIB_RECT</subfield>
      <subfield code="b">BIB_UARG</subfield>
      <subfield code="d">2012-12-12</subfield>
      <subfield code="y">BK</subfield>
      <subfield code="p">05-11831</subfield>
      <subfield code="i">05-11831</subfield>
      <subfield code="g">150</subfield>
      <subfield code="o">141.131 P718d</subfield>
      <subfield code="e">Fomec 578</subfield>
      <subfield code="8">CG</subfield>
    </datafield>
    <datafield tag="952" ind1=" " ind2=" ">
      <subfield code="a">BIB_RECT</subfield>
      <subfield code="b">BIB_UARG</subfield>
      <subfield code="d">2012-12-13</subfield>
      <subfield code="y">BK</subfield>
      <subfield code="p">05-11832</subfield>
      <subfield code="i">05-11832</subfield>
      <subfield code="g">150</subfield>
      <subfield code="o">141.131 P718d</subfield>
      <subfield code="e">FOMEC 578</subfield>
      <subfield code="8">CG</subfield>
    </datafield>
    <datafield tag="952" ind1=" " ind2=" ">
      <subfield code="a">BIB_RECT</subfield>
      <subfield code="b">BIB_UARG</subfield>
      <subfield code="d">2010-02-08</subfield>
      <subfield code="y">BK</subfield>
      <subfield code="p">05-11833</subfield>
      <subfield code="i">05-11833</subfield>
      <subfield code="g">150</subfield>
      <subfield code="o">141.131 P718d</subfield>
      <subfield code="e">FOMEC 578</subfield>
      <subfield code="8">CG</subfield>
    </datafield>
    <datafield tag="952" ind1=" " ind2=" ">
      <subfield code="a">BIB_RECT</subfield>
      <subfield code="b">BIB_UARG</subfield>
      <subfield code="d">2012-12-13</subfield>
      <subfield code="y">BK</subfield>
      <subfield code="p">05-11834</subfield>
      <subfield code="i">05-11834</subfield>
      <subfield code="g">150</subfield>
      <subfield code="o">141.131 P718d</subfield>
      <subfield code="e">FOMEC 578</subfield>
      <subfield code="8">CG</subfield>
    </datafield>
    <datafield tag="952" ind1=" " ind2=" ">
      <subfield code="a">BIB_RECT</subfield>
      <subfield code="b">BIB_UARG</subfield>
      <subfield code="d">2012-12-12</subfield>
      <subfield code="y">BK</subfield>
      <subfield code="p">05-11835</subfield>
      <subfield code="i">05-11835</subfield>
      <subfield code="g">150</subfield>
      <subfield code="o">141.131 P718d</subfield>
      <subfield code="e">FOMEC 578</subfield>
      <subfield code="8">CG</subfield>
    </datafield>
    <datafield tag="952" ind1=" " ind2=" ">
      <subfield code="a">BIB_RECT</subfield>
      <subfield code="b">BIB_UARG</subfield>
      <subfield code="d">2012-12-13</subfield>
      <subfield code="y">BK</subfield>
      <subfield code="p">05-11959</subfield>
      <subfield code="i">05-11959</subfield>
      <subfield code="g">150</subfield>
      <subfield code="o">141.131 P718d</subfield>
      <subfield code="e">FOMEC 578</subfield>
      <subfield code="8">CG</subfield>
    </datafield>
  </record>