
  <record>
    <leader>01000aam  22002601a 4500</leader>
    <controlfield tag="001">YPZ92337</controlfield>
    <controlfield tag="003">YPZ</controlfield>
    <controlfield tag="005">201002221723300</controlfield>
    <controlfield tag="008">100222|###########||||||b||||||||||spa|d</controlfield>
    <datafield tag="020" ind1=" " ind2=" ">
      <subfield code="a">0136136885</subfield>
    </datafield>
    <datafield tag="040" ind1=" " ind2=" ">
      <subfield code="c">SIUNPA</subfield>
    </datafield>
    <datafield tag="041" ind1=" " ind2=" ">
      <subfield code="a">eng</subfield>
    </datafield>
    <datafield tag="044" ind1=" " ind2=" ">
      <subfield code="a">US</subfield>
    </datafield>
    <datafield tag="080" ind1=" " ind2=" ">
      <subfield code="a">004.43 V217r</subfield>
    </datafield>
    <datafield tag="100" ind1=" " ind2=" ">
      <subfield code="a">Van Sickle, Ted.</subfield>
    </datafield>
    <datafield tag="245" ind1=" " ind2=" ">
      <subfield code="a">Reusable software components</subfield>
      <subfield code="b"> : object-oriented embedded systems programming in C</subfield>
    </datafield>
    <datafield tag="260" ind1=" " ind2=" ">
      <subfield code="a">Upper Saddle River, N.J.</subfield>
      <subfield code="b"> : Prentice Hall</subfield>
      <subfield code="c"> , 1997</subfield>
    </datafield>
    <datafield tag="300" ind1=" " ind2=" ">
      <subfield code="a">336 p. : </subfield>
      <subfield code="b">il. ; </subfield>
      <subfield code="a">221 p. : </subfield>
      <subfield code="b">il. ; </subfield>
      <subfield code="a">315 p. : </subfield>
      <subfield code="b">il. ; </subfield>
      <subfield code="a">475 p. : </subfield>
      <subfield code="b">il. ; </subfield>
      <subfield code="a">xxxii, [1201] p. en varias paginaciones : </subfield>
      <subfield code="a">114 p. : </subfield>
      <subfield code="a">137 p. : </subfield>
      <subfield code="a">234 p. : </subfield>
      <subfield code="a">113 p. : </subfield>
      <subfield code="a">610 p. : </subfield>
      <subfield code="a">127 p. : </subfield>
      <subfield code="b">il. ; </subfield>
      <subfield code="a">155 p. : </subfield>
      <subfield code="a">465 p. : </subfield>
      <subfield code="a">115 p. : </subfield>
      <subfield code="a">239 p. : </subfield>
      <subfield code="a">157 p. : </subfield>
      <subfield code="a">137 p. : </subfield>
      <subfield code="a">283 p. : </subfield>
      <subfield code="a">143 p. : </subfield>
      <subfield code="a">xvi, 595 p. : </subfield>
      <subfield code="b">il. ; </subfield>
      <subfield code="a">156 p. : </subfield>
      <subfield code="a">443 p. : </subfield>
      <subfield code="b">il. ; </subfield>
      <subfield code="a">189 p. : </subfield>
      <subfield code="a">v. : </subfield>
      <subfield code="a">814 p. : </subfield>
      <subfield code="b">il. ; </subfield>
      <subfield code="a">xviii, 817 p : </subfield>
      <subfield code="b">il. ; </subfield>
      <subfield code="a">v. : </subfield>
      <subfield code="a">475 p. : </subfield>
      <subfield code="b">il. ; </subfield>
      <subfield code="a">xii, 644 p. : </subfield>
      <subfield code="b">il. ; </subfield>
      <subfield code="a">xvi, 740 p. : </subfield>
      <subfield code="b">il. ; </subfield>
      <subfield code="a">viii, 294 p. : </subfield>
      <subfield code="e">1 CD-ROM en bolsillo</subfield>
    </datafield>
    <datafield tag="650" ind1=" " ind2=" ">
      <subfield code="a"> LENGUAJE DE PROGRAMACION</subfield>
    </datafield>
    <datafield tag="650" ind1=" " ind2=" ">
      <subfield code="a"> LENGUAJE C</subfield>
    </datafield>
    <datafield tag="650" ind1=" " ind2=" ">
      <subfield code="a"> PROGRAMACION ORIENTADA A OBJETOS</subfield>
    </datafield>
    <datafield tag="650" ind1=" " ind2=" ">
      <subfield code="a"> SISTEMAS EMBEBIDOS</subfield>
    </datafield>
    <datafield tag="942" ind1=" " ind2=" ">
      <subfield code="c">BK</subfield>
    </datafield>
    <datafield tag="952" ind1=" " ind2=" ">
      <subfield code="a">BIB_RECT</subfield>
      <subfield code="b">BIB_UACO</subfield>
      <subfield code="d">2010-02-22</subfield>
      <subfield code="y">BK</subfield>
      <subfield code="p">02-07986</subfield>
      <subfield code="i">02-07986</subfield>
      <subfield code="g">150</subfield>
      <subfield code="o">004.43 V217r</subfield>
      <subfield code="e">FOMEC</subfield>
      <subfield code="8">CG</subfield>
    </datafield>
  </record>