
  <record>
    <leader>01000aam  22002601a 4500</leader>
    <controlfield tag="001">YPZ92344</controlfield>
    <controlfield tag="003">YPZ</controlfield>
    <controlfield tag="005">201002231557140</controlfield>
    <controlfield tag="008">100223|###########||||||b||||||||||spa|d</controlfield>
    <datafield tag="020" ind1=" " ind2=" ">
      <subfield code="a">9706867988</subfield>
    </datafield>
    <datafield tag="020" ind1=" " ind2=" ">
      <subfield code="a">9789706867988</subfield>
    </datafield>
    <datafield tag="040" ind1=" " ind2=" ">
      <subfield code="c">SIUNPA</subfield>
    </datafield>
    <datafield tag="041" ind1=" " ind2=" ">
      <subfield code="a">spa</subfield>
    </datafield>
    <datafield tag="044" ind1=" " ind2=" ">
      <subfield code="a">MX</subfield>
    </datafield>
    <datafield tag="080" ind1=" " ind2=" ">
      <subfield code="a">54 Q69q8</subfield>
    </datafield>
    <datafield tag="100" ind1=" " ind2=" ">
      <subfield code="a">Whitten, Kenneth W..</subfield>
    </datafield>
    <datafield tag="700" ind1=" " ind2=" ">
      <subfield code="a">Davis, Raymond E..</subfield>
    </datafield>
    <datafield tag="700" ind1=" " ind2=" ">
      <subfield code="a">Peck, M. Larry.</subfield>
    </datafield>
    <datafield tag="700" ind1=" " ind2=" ">
      <subfield code="a">.</subfield>
    </datafield>
    <datafield tag="700" ind1=" " ind2=" ">
      <subfield code="a">Stanley, George G..</subfield>
    </datafield>
    <datafield tag="245" ind1=" " ind2=" ">
      <subfield code="a">Química</subfield>
      <subfield code="b"> : octava edición</subfield>
      <subfield code="c"> / Lanto Arriola, María Aurora, rev. técnica ; Garduño Sánchez, Gustavo, tr.</subfield>
    </datafield>
    <datafield tag="250" ind1=" " ind2=" ">
      <subfield code="a">8a ed.</subfield>
    </datafield>
    <datafield tag="260" ind1=" " ind2=" ">
      <subfield code="a">México, D.F.</subfield>
      <subfield code="b"> : Cengage Learning</subfield>
      <subfield code="c"> , 2009</subfield>
    </datafield>
    <datafield tag="650" ind1=" " ind2=" ">
      <subfield code="a"> QUIMICA</subfield>
    </datafield>
    <datafield tag="942" ind1=" " ind2=" ">
      <subfield code="c">BK</subfield>
    </datafield>
    <datafield tag="952" ind1=" " ind2=" ">
      <subfield code="a">BIB_RECT</subfield>
      <subfield code="b">BIB_UACO</subfield>
      <subfield code="d">2010-02-24</subfield>
      <subfield code="y">BK</subfield>
      <subfield code="p">02-38632</subfield>
      <subfield code="i">02-38632</subfield>
      <subfield code="g">145.3</subfield>
      <subfield code="o">54 Q69q8</subfield>
      <subfield code="e">Compra SIUNPA OC 156/09</subfield>
      <subfield code="8">CG</subfield>
    </datafield>
    <datafield tag="952" ind1=" " ind2=" ">
      <subfield code="a">BIB_RECT</subfield>
      <subfield code="b">BIB_UACO</subfield>
      <subfield code="d">2010-02-24</subfield>
      <subfield code="y">BK</subfield>
      <subfield code="p">02-38633</subfield>
      <subfield code="i">02-38633</subfield>
      <subfield code="g">145.3</subfield>
      <subfield code="o">54 Q69q8</subfield>
      <subfield code="e">Compra SIUNPA OC 156/09</subfield>
      <subfield code="8">CG</subfield>
    </datafield>
    <datafield tag="952" ind1=" " ind2=" ">
      <subfield code="a">BIB_RECT</subfield>
      <subfield code="b">BIB_UACO</subfield>
      <subfield code="d">2010-10-04</subfield>
      <subfield code="y">BK</subfield>
      <subfield code="p">02-40004</subfield>
      <subfield code="i">02-40004</subfield>
      <subfield code="g">164</subfield>
      <subfield code="o">54 Q69q8</subfield>
      <subfield code="e">Compra SIUNPA OC 068/10</subfield>
      <subfield code="8">CG</subfield>
    </datafield>
    <datafield tag="952" ind1=" " ind2=" ">
      <subfield code="a">BIB_RECT</subfield>
      <subfield code="b">BIB_UACO</subfield>
      <subfield code="d">2010-10-02</subfield>
      <subfield code="y">BK</subfield>
      <subfield code="p">02-40005</subfield>
      <subfield code="i">02-40005</subfield>
      <subfield code="g">164</subfield>
      <subfield code="o">54 Q69q8</subfield>
      <subfield code="e">Compra SIUNPA OC 068/10</subfield>
      <subfield code="8">CG</subfield>
    </datafield>
    <datafield tag="952" ind1=" " ind2=" ">
      <subfield code="a">BIB_RECT</subfield>
      <subfield code="b">BIB_UACO</subfield>
      <subfield code="d">2010-10-04</subfield>
      <subfield code="y">BK</subfield>
      <subfield code="p">02-40006</subfield>
      <subfield code="i">02-40006</subfield>
      <subfield code="g">164</subfield>
      <subfield code="o">54 Q69q8</subfield>
      <subfield code="e">Compra SIUNPA OC 068/10</subfield>
      <subfield code="8">CG</subfield>
    </datafield>
    <datafield tag="952" ind1=" " ind2=" ">
      <subfield code="a">BIB_RECT</subfield>
      <subfield code="b">BIB_UACO</subfield>
      <subfield code="d">2010-10-04</subfield>
      <subfield code="y">BK</subfield>
      <subfield code="p">02-40007</subfield>
      <subfield code="i">02-40007</subfield>
      <subfield code="g">164</subfield>
      <subfield code="o">54 Q69q8</subfield>
      <subfield code="e">Compra SIUNPA OC 068/10</subfield>
      <subfield code="8">CG</subfield>
    </datafield>
    <datafield tag="952" ind1=" " ind2=" ">
      <subfield code="a">BIB_RECT</subfield>
      <subfield code="b">BIB_UACO</subfield>
      <subfield code="d">2010-10-04</subfield>
      <subfield code="y">BK</subfield>
      <subfield code="p">02-40008</subfield>
      <subfield code="i">02-40008</subfield>
      <subfield code="g">164</subfield>
      <subfield code="o">54 Q69q8</subfield>
      <subfield code="e">Compra SIUNPA OC 068/10</subfield>
      <subfield code="8">CG</subfield>
    </datafield>
    <datafield tag="952" ind1=" " ind2=" ">
      <subfield code="a">BIB_RECT</subfield>
      <subfield code="b">BIB_UACO</subfield>
      <subfield code="d">2010-10-04</subfield>
      <subfield code="y">BK</subfield>
      <subfield code="p">02-40009</subfield>
      <subfield code="i">02-40009</subfield>
      <subfield code="g">164</subfield>
      <subfield code="o">54 Q69q8</subfield>
      <subfield code="e">Compra SIUNPA OC 068/10</subfield>
      <subfield code="8">CG</subfield>
    </datafield>
    <datafield tag="952" ind1=" " ind2=" ">
      <subfield code="a">BIB_RECT</subfield>
      <subfield code="b">BIB_UARG</subfield>
      <subfield code="d">2010-03-03</subfield>
      <subfield code="y">BK</subfield>
      <subfield code="p">05-38853</subfield>
      <subfield code="i">05-38853</subfield>
      <subfield code="g">156</subfield>
      <subfield code="o">54 Q69q8</subfield>
      <subfield code="e">Compra SIUNPA/09</subfield>
      <subfield code="8">CG</subfield>
    </datafield>
    <datafield tag="952" ind1=" " ind2=" ">
      <subfield code="a">BIB_RECT</subfield>
      <subfield code="b">BIB_UARG</subfield>
      <subfield code="d">2010-03-03</subfield>
      <subfield code="y">BK</subfield>
      <subfield code="p">05-38854</subfield>
      <subfield code="i">05-38854</subfield>
      <subfield code="g">156</subfield>
      <subfield code="o">54 Q69q8</subfield>
      <subfield code="e">Compra SIUNPA/09</subfield>
      <subfield code="8">CG</subfield>
    </datafield>
    <datafield tag="952" ind1=" " ind2=" ">
      <subfield code="a">BIB_RECT</subfield>
      <subfield code="b">BIB_UARG</subfield>
      <subfield code="d">2010-03-03</subfield>
      <subfield code="y">BK</subfield>
      <subfield code="p">05-38855</subfield>
      <subfield code="i">05-38855</subfield>
      <subfield code="g">156</subfield>
      <subfield code="o">54 Q69q8</subfield>
      <subfield code="e">Compra SIUNPA/09</subfield>
      <subfield code="8">CG</subfield>
    </datafield>
    <datafield tag="952" ind1=" " ind2=" ">
      <subfield code="a">BIB_RECT</subfield>
      <subfield code="b">BIB_UARG</subfield>
      <subfield code="d">2010-03-03</subfield>
      <subfield code="y">BK</subfield>
      <subfield code="p">05-38856</subfield>
      <subfield code="i">05-38856</subfield>
      <subfield code="g">156</subfield>
      <subfield code="o">54 Q69q8</subfield>
      <subfield code="e">Compra SIUNPA/09</subfield>
      <subfield code="8">CG</subfield>
    </datafield>
    <datafield tag="952" ind1=" " ind2=" ">
      <subfield code="a">BIB_RECT</subfield>
      <subfield code="b">BIB_UARG</subfield>
      <subfield code="d">2010-03-03</subfield>
      <subfield code="y">BK</subfield>
      <subfield code="p">05-38857</subfield>
      <subfield code="i">05-38857</subfield>
      <subfield code="g">156</subfield>
      <subfield code="o">54 Q69q8</subfield>
      <subfield code="e">Compra SIUNPA/09</subfield>
      <subfield code="8">CG</subfield>
    </datafield>
    <datafield tag="952" ind1=" " ind2=" ">
      <subfield code="a">BIB_RECT</subfield>
      <subfield code="b">BIB_UARG</subfield>
      <subfield code="d">2010-03-03</subfield>
      <subfield code="y">BK</subfield>
      <subfield code="p">05-38858</subfield>
      <subfield code="i">05-38858</subfield>
      <subfield code="g">156</subfield>
      <subfield code="o">54 Q69q8</subfield>
      <subfield code="e">Compra SIUNPA/09</subfield>
      <subfield code="8">CG</subfield>
    </datafield>
    <datafield tag="952" ind1=" " ind2=" ">
      <subfield code="a">BIB_RECT</subfield>
      <subfield code="b">BIB_UARG</subfield>
      <subfield code="d">2010-05-18</subfield>
      <subfield code="y">BK</subfield>
      <subfield code="p">05-39487</subfield>
      <subfield code="i">05-39487</subfield>
      <subfield code="g">205</subfield>
      <subfield code="o">54 Q69q8</subfield>
      <subfield code="e">Compra UE/10</subfield>
      <subfield code="8">CG</subfield>
    </datafield>
    <datafield tag="952" ind1=" " ind2=" ">
      <subfield code="a">BIB_RECT</subfield>
      <subfield code="b">BIB_UARG</subfield>
      <subfield code="d">2010-05-18</subfield>
      <subfield code="y">BK</subfield>
      <subfield code="p">05-39488</subfield>
      <subfield code="i">05-39488</subfield>
      <subfield code="g">205</subfield>
      <subfield code="o">54 Q69q8</subfield>
      <subfield code="e">Compra UE/10</subfield>
      <subfield code="8">CG</subfield>
    </datafield>
    <datafield tag="952" ind1=" " ind2=" ">
      <subfield code="a">BIB_RECT</subfield>
      <subfield code="b">BIB_UARG</subfield>
      <subfield code="d">2011-08-26</subfield>
      <subfield code="y">BK</subfield>
      <subfield code="p">05-41274</subfield>
      <subfield code="i">05-41274</subfield>
      <subfield code="g">176</subfield>
      <subfield code="o">54 Q69q8</subfield>
      <subfield code="e">Compra SIUNPA</subfield>
      <subfield code="8">CG</subfield>
    </datafield>
    <datafield tag="952" ind1=" " ind2=" ">
      <subfield code="a">BIB_RECT</subfield>
      <subfield code="b">BIB_UARG</subfield>
      <subfield code="d">2011-08-26</subfield>
      <subfield code="y">BK</subfield>
      <subfield code="p">05-41275</subfield>
      <subfield code="i">05-41275</subfield>
      <subfield code="g">176</subfield>
      <subfield code="o">54 Q69q8</subfield>
      <subfield code="e">Compra SIUNPA</subfield>
      <subfield code="8">CG</subfield>
    </datafield>
    <datafield tag="952" ind1=" " ind2=" ">
      <subfield code="a">BIB_RECT</subfield>
      <subfield code="b">BIB_UARG</subfield>
      <subfield code="d">2011-08-26</subfield>
      <subfield code="y">BK</subfield>
      <subfield code="p">05-41276</subfield>
      <subfield code="i">05-41276</subfield>
      <subfield code="g">176</subfield>
      <subfield code="o">54 Q69q8</subfield>
      <subfield code="e">Compra SIUNPA</subfield>
      <subfield code="8">CG</subfield>
    </datafield>
    <datafield tag="952" ind1=" " ind2=" ">
      <subfield code="a">BIB_RECT</subfield>
      <subfield code="b">BIB_UARG</subfield>
      <subfield code="d">2011-08-26</subfield>
      <subfield code="y">BK</subfield>
      <subfield code="p">05-41277</subfield>
      <subfield code="i">05-41277</subfield>
      <subfield code="g">176</subfield>
      <subfield code="o">54 Q69q8</subfield>
      <subfield code="e">Compra SIUNPA</subfield>
      <subfield code="8">CG</subfield>
    </datafield>
    <datafield tag="952" ind1=" " ind2=" ">
      <subfield code="a">BIB_RECT</subfield>
      <subfield code="b">BIB_UARG</subfield>
      <subfield code="d">2011-08-26</subfield>
      <subfield code="y">BK</subfield>
      <subfield code="p">05-41278</subfield>
      <subfield code="i">05-41278</subfield>
      <subfield code="g">176</subfield>
      <subfield code="o">54 Q69q8</subfield>
      <subfield code="e">Compra SIUNPA</subfield>
      <subfield code="8">CG</subfield>
    </datafield>
    <datafield tag="952" ind1=" " ind2=" ">
      <subfield code="a">BIB_RECT</subfield>
      <subfield code="b">BIB_UARG</subfield>
      <subfield code="d">2011-08-26</subfield>
      <subfield code="y">BK</subfield>
      <subfield code="p">05-41279</subfield>
      <subfield code="i">05-41279</subfield>
      <subfield code="g">176</subfield>
      <subfield code="o">54 Q69q8</subfield>
      <subfield code="e">Compra SIUNPA</subfield>
      <subfield code="8">CG</subfield>
    </datafield>
    <datafield tag="952" ind1=" " ind2=" ">
      <subfield code="a">BIB_RECT</subfield>
      <subfield code="b">SAT_TRUN</subfield>
      <subfield code="d">2010-02-24</subfield>
      <subfield code="y">BK</subfield>
      <subfield code="p">10-38649</subfield>
      <subfield code="i">10-38649</subfield>
      <subfield code="g">145.3</subfield>
      <subfield code="o">54 Q69q8</subfield>
      <subfield code="e">Compra SIUNPA OC 156/09</subfield>
      <subfield code="8">CG</subfield>
    </datafield>
  </record>