
  <record>
    <leader>01000aam  22002601a 4500</leader>
    <controlfield tag="001">YPZ92346</controlfield>
    <controlfield tag="003">YPZ</controlfield>
    <controlfield tag="005">201002231741440</controlfield>
    <controlfield tag="008">100223|###########||||||b||||||||||spa|d</controlfield>
    <datafield tag="020" ind1=" " ind2=" ">
      <subfield code="a">9786074422108</subfield>
    </datafield>
    <datafield tag="040" ind1=" " ind2=" ">
      <subfield code="c">SIUNPA</subfield>
    </datafield>
    <datafield tag="041" ind1=" " ind2=" ">
      <subfield code="a">spa</subfield>
    </datafield>
    <datafield tag="044" ind1=" " ind2=" ">
      <subfield code="a">MX</subfield>
    </datafield>
    <datafield tag="080" ind1=" " ind2=" ">
      <subfield code="a">542 W887l3</subfield>
    </datafield>
    <datafield tag="100" ind1=" " ind2=" ">
      <subfield code="a">Woodfield, Brian F..</subfield>
    </datafield>
    <datafield tag="700" ind1=" " ind2=" ">
      <subfield code="a">Asplund, Matthew C..</subfield>
    </datafield>
    <datafield tag="700" ind1=" " ind2=" ">
      <subfield code="a">Haderlie, Steven.</subfield>
    </datafield>
    <datafield tag="245" ind1=" " ind2=" ">
      <subfield code="a">Laboratorio virtual de química general</subfield>
      <subfield code="b"> : tercera edición</subfield>
      <subfield code="c"> / Aguilar Ortega, María Teresa, tr. ; Trujillo Chávez, Gonzalo, rev. técnica ; Gómez Macias, Adriana, rev. técnica</subfield>
    </datafield>
    <datafield tag="250" ind1=" " ind2=" ">
      <subfield code="a">3a ed.</subfield>
    </datafield>
    <datafield tag="260" ind1=" " ind2=" ">
      <subfield code="a">Naucalpan de Juárez, México</subfield>
      <subfield code="b"> : Prentice Hall</subfield>
      <subfield code="c"> , 2009</subfield>
    </datafield>
    <datafield tag="300" ind1=" " ind2=" ">
      <subfield code="a">269 p. : </subfield>
      <subfield code="b">il. ; </subfield>
      <subfield code="a">xix, 469 p. : </subfield>
      <subfield code="b">il. ; </subfield>
      <subfield code="a">xiv, 280 p. : </subfield>
      <subfield code="a">xxxiii, [1134] p. en varias paginaciones : </subfield>
      <subfield code="b">il. ; </subfield>
      <subfield code="a">xxxix, [1345] p. en varias paginaciones : </subfield>
      <subfield code="b">il. ; </subfield>
      <subfield code="a">vii, 228 p. : </subfield>
      <subfield code="b">il. ; </subfield>
      <subfield code="e">1 CD-ROM en bolsillo</subfield>
    </datafield>
    <datafield tag="500" ind1=" " ind2=" ">
      <subfield code="a">Contenido del CD-ROM: Virtual ChemLab. General chemistry laboratories v2.5. Students component</subfield>
    </datafield>
    <datafield tag="650" ind1=" " ind2=" ">
      <subfield code="a"> QUIMICA EXPERIMENTAL</subfield>
    </datafield>
    <datafield tag="650" ind1=" " ind2=" ">
      <subfield code="a"> ENSAYOS DE LABORATORIO</subfield>
    </datafield>
    <datafield tag="942" ind1=" " ind2=" ">
      <subfield code="c">BK</subfield>
    </datafield>
    <datafield tag="952" ind1=" " ind2=" ">
      <subfield code="a">BIB_RECT</subfield>
      <subfield code="b">BIB_UART</subfield>
      <subfield code="d">2017-10-03</subfield>
      <subfield code="y">BK</subfield>
      <subfield code="p">03-48965</subfield>
      <subfield code="i">03-48965</subfield>
      <subfield code="g">435</subfield>
      <subfield code="o">542 W887l3</subfield>
      <subfield code="e">Compra SIUNPA/17</subfield>
      <subfield code="8">CG</subfield>
    </datafield>
    <datafield tag="952" ind1=" " ind2=" ">
      <subfield code="a">BIB_RECT</subfield>
      <subfield code="b">BIB_UASJ</subfield>
      <subfield code="d">2010-02-24</subfield>
      <subfield code="y">BK</subfield>
      <subfield code="p">04-38642</subfield>
      <subfield code="i">04-38642</subfield>
      <subfield code="g">49.5</subfield>
      <subfield code="o">542 W887l3</subfield>
      <subfield code="e">Compra SIUNPA OC 156/09</subfield>
      <subfield code="8">CG</subfield>
    </datafield>
  </record>