
  <record>
    <leader>01000aam  22002601a 4500</leader>
    <controlfield tag="001">YPZ92349</controlfield>
    <controlfield tag="003">YPZ</controlfield>
    <controlfield tag="005">201002241459360</controlfield>
    <controlfield tag="008">100224|###########||||||b||||||||||spa|d</controlfield>
    <datafield tag="020" ind1=" " ind2=" ">
      <subfield code="a">9788449304590</subfield>
    </datafield>
    <datafield tag="040" ind1=" " ind2=" ">
      <subfield code="c">SIUNPA</subfield>
    </datafield>
    <datafield tag="041" ind1=" " ind2=" ">
      <subfield code="a">spa</subfield>
    </datafield>
    <datafield tag="044" ind1=" " ind2=" ">
      <subfield code="a">ES</subfield>
    </datafield>
    <datafield tag="080" ind1=" " ind2=" ">
      <subfield code="a">159.922.7 N718n</subfield>
    </datafield>
    <datafield tag="100" ind1=" " ind2=" ">
      <subfield code="a">Gesell, Arnold, colab. primera y tercera parte.</subfield>
    </datafield>
    <datafield tag="700" ind1=" " ind2=" ">
      <subfield code="a">Halverson, Henry M., colab. segunda parte.</subfield>
    </datafield>
    <datafield tag="700" ind1=" " ind2=" ">
      <subfield code="a">Thompson Helen, colab. segunda parte .</subfield>
    </datafield>
    <datafield tag="700" ind1=" " ind2=" ">
      <subfield code="a">Ilg, Frances L., colab. segunda parte .</subfield>
    </datafield>
    <datafield tag="700" ind1=" " ind2=" ">
      <subfield code="a">Castner,  Burton M., colab. segunda parte.</subfield>
    </datafield>
    <datafield tag="700" ind1=" " ind2=" ">
      <subfield code="a">Bates, Ames Louise, colab. segunda parte .</subfield>
    </datafield>
    <datafield tag="700" ind1=" " ind2=" ">
      <subfield code="a">Amatruda, Catherine S., colab. tercera parte.</subfield>
    </datafield>
    <datafield tag="245" ind1=" " ind2=" ">
      <subfield code="a">El niño de 1 a 5 años</subfield>
      <subfield code="b"> : guía para el estudio del niño preescolar</subfield>
      <subfield code="c"> / Loedel, Eduardo, tr. ; Reca, Telma, presentación de la ed. castellana y superv. de la tr.</subfield>
    </datafield>
    <datafield tag="260" ind1=" " ind2=" ">
      <subfield code="a">Barcelona</subfield>
      <subfield code="b"> : Paidós</subfield>
      <subfield code="c"> , 2008</subfield>
    </datafield>
    <datafield tag="440" ind1=" " ind2=" ">
      <subfield code="a">Prentice Hall series on programming tools and methodologies</subfield>
      <subfield code="a">Prentice Hall international series in computer science</subfield>
      <subfield code="a">Psicología, psiquiatría, psicoterapia</subfield>
      <subfield code="v">172</subfield>
    </datafield>
    <datafield tag="490" ind1=" " ind2=" ">
      <subfield code="a">Prentice Hall series on programming tools and methodologies</subfield>
      <subfield code="a">Prentice Hall international series in computer science</subfield>
      <subfield code="a">Psicología, psiquiatría, psicoterapia</subfield>
      <subfield code="v">172</subfield>
    </datafield>
    <datafield tag="650" ind1=" " ind2=" ">
      <subfield code="a"> PSICOLOGIA INFANTIL</subfield>
    </datafield>
    <datafield tag="650" ind1=" " ind2=" ">
      <subfield code="a"> PSICOLOGIA EVOLUTIVA</subfield>
    </datafield>
    <datafield tag="942" ind1=" " ind2=" ">
      <subfield code="c">BK</subfield>
    </datafield>
    <datafield tag="952" ind1=" " ind2=" ">
      <subfield code="a">BIB_RECT</subfield>
      <subfield code="b">BIB_UACO</subfield>
      <subfield code="d">2010-02-24</subfield>
      <subfield code="y">BK</subfield>
      <subfield code="p">02-38637</subfield>
      <subfield code="i">02-38637</subfield>
      <subfield code="g">122.8</subfield>
      <subfield code="o">159.922.7 N718n</subfield>
      <subfield code="e">Compra Siunpa</subfield>
      <subfield code="8">CG</subfield>
    </datafield>
    <datafield tag="952" ind1=" " ind2=" ">
      <subfield code="a">BIB_RECT</subfield>
      <subfield code="b">BIB_UACO</subfield>
      <subfield code="d">2010-02-24</subfield>
      <subfield code="y">BK</subfield>
      <subfield code="p">02-38638</subfield>
      <subfield code="i">02-38638</subfield>
      <subfield code="g">122.8</subfield>
      <subfield code="o">159.922.7 N718n</subfield>
      <subfield code="e">Compra SIUNPA</subfield>
      <subfield code="8">CG</subfield>
    </datafield>
  </record>