
  <record>
    <leader>01000aam  22002601a 4500</leader>
    <controlfield tag="001">YPZ92350</controlfield>
    <controlfield tag="003">YPZ</controlfield>
    <controlfield tag="005">201002241507540</controlfield>
    <controlfield tag="008">100224|###########||||||b||||||||||spa|d</controlfield>
    <datafield tag="020" ind1=" " ind2=" ">
      <subfield code="a">9789702611912</subfield>
    </datafield>
    <datafield tag="040" ind1=" " ind2=" ">
      <subfield code="c">SIUNPA</subfield>
    </datafield>
    <datafield tag="041" ind1=" " ind2=" ">
      <subfield code="a">spa</subfield>
    </datafield>
    <datafield tag="044" ind1=" " ind2=" ">
      <subfield code="a">MX</subfield>
    </datafield>
    <datafield tag="080" ind1=" " ind2=" ">
      <subfield code="a">65.012.4 L372s10</subfield>
    </datafield>
    <datafield tag="100" ind1=" " ind2=" ">
      <subfield code="a">Laudon, Kenneth C..</subfield>
    </datafield>
    <datafield tag="700" ind1=" " ind2=" ">
      <subfield code="a">Laudon, Jane Price.</subfield>
    </datafield>
    <datafield tag="245" ind1=" " ind2=" ">
      <subfield code="a">Sistemas de información gerencial</subfield>
      <subfield code="b"> : administración de la empresa digital. Décima edición</subfield>
      <subfield code="c"> / Núñez Ramos, Antonio, tr. ; Solares Soto, Pedro Fernando, rev. técnica ; Marroquín Tovar, Edmundo, rev. técnica ; López Reyes, Ángel Alejandro, rev. técnica ; Gutiérrez Díez, Carmen, rev. técnica ; Waldbott de Bassenheim, Carlos Gustavo Félix, rev. técnica</subfield>
    </datafield>
    <datafield tag="250" ind1=" " ind2=" ">
      <subfield code="a">10a ed.</subfield>
    </datafield>
    <datafield tag="260" ind1=" " ind2=" ">
      <subfield code="a">Naucalpan de Juárez, México</subfield>
      <subfield code="b"> : Pearson Educación</subfield>
      <subfield code="c"> , 2008</subfield>
    </datafield>
    <datafield tag="650" ind1=" " ind2=" ">
      <subfield code="a"> ADMINISTRACION DE EMPRESAS</subfield>
    </datafield>
    <datafield tag="650" ind1=" " ind2=" ">
      <subfield code="a"> SISTEMA DE INFORMACION </subfield>
    </datafield>
    <datafield tag="650" ind1=" " ind2=" ">
      <subfield code="a"> GESTION EMPRESARIAL</subfield>
    </datafield>
    <datafield tag="650" ind1=" " ind2=" ">
      <subfield code="a"> ORGANIZACION DE LA EMPRESA</subfield>
    </datafield>
    <datafield tag="650" ind1=" " ind2=" ">
      <subfield code="a"> TOMA DE DECISIONES</subfield>
    </datafield>
    <datafield tag="942" ind1=" " ind2=" ">
      <subfield code="c">BK</subfield>
    </datafield>
    <datafield tag="952" ind1=" " ind2=" ">
      <subfield code="a">BIB_RECT</subfield>
      <subfield code="b">BIB_UACO</subfield>
      <subfield code="d">2010-02-24</subfield>
      <subfield code="y">BK</subfield>
      <subfield code="p">02-38629</subfield>
      <subfield code="i">02-38629</subfield>
      <subfield code="g">92.3</subfield>
      <subfield code="o">65.012.4 L372s10</subfield>
      <subfield code="e">Compra SIUNPA OC 156/09</subfield>
      <subfield code="8">CG</subfield>
    </datafield>
    <datafield tag="952" ind1=" " ind2=" ">
      <subfield code="a">BIB_RECT</subfield>
      <subfield code="b">BIB_UACO</subfield>
      <subfield code="d">2010-02-24</subfield>
      <subfield code="y">BK</subfield>
      <subfield code="p">02-38630</subfield>
      <subfield code="i">02-38630</subfield>
      <subfield code="g">92.3</subfield>
      <subfield code="o">65.012.4 L372s10</subfield>
      <subfield code="e">Compra SIUNPA OC 156/09</subfield>
      <subfield code="8">CG</subfield>
    </datafield>
    <datafield tag="952" ind1=" " ind2=" ">
      <subfield code="a">BIB_RECT</subfield>
      <subfield code="b">BIB_UACO</subfield>
      <subfield code="d">2010-02-24</subfield>
      <subfield code="y">BK</subfield>
      <subfield code="p">02-38631</subfield>
      <subfield code="i">02-38631</subfield>
      <subfield code="g">92.3</subfield>
      <subfield code="o">65.012.4 L372s10</subfield>
      <subfield code="e">Compra SIUNPA OC 156/09</subfield>
      <subfield code="8">CG</subfield>
    </datafield>
    <datafield tag="952" ind1=" " ind2=" ">
      <subfield code="a">BIB_RECT</subfield>
      <subfield code="b">BIB_UACO</subfield>
      <subfield code="d">2010-10-06</subfield>
      <subfield code="y">BK</subfield>
      <subfield code="p">02-40085</subfield>
      <subfield code="i">02-40085</subfield>
      <subfield code="g">106</subfield>
      <subfield code="o">65.012.4 L372s10</subfield>
      <subfield code="e">Compra SIUNPA</subfield>
      <subfield code="8">CG</subfield>
    </datafield>
    <datafield tag="952" ind1=" " ind2=" ">
      <subfield code="a">BIB_RECT</subfield>
      <subfield code="b">BIB_UACO</subfield>
      <subfield code="d">2010-10-06</subfield>
      <subfield code="y">BK</subfield>
      <subfield code="p">02-40086</subfield>
      <subfield code="i">02-40086</subfield>
      <subfield code="g">106</subfield>
      <subfield code="o">65.012.4 L372s10</subfield>
      <subfield code="e">Compra SIUNPA</subfield>
      <subfield code="8">CG</subfield>
    </datafield>
    <datafield tag="952" ind1=" " ind2=" ">
      <subfield code="a">BIB_RECT</subfield>
      <subfield code="b">BIB_UACO</subfield>
      <subfield code="d">2010-10-06</subfield>
      <subfield code="y">BK</subfield>
      <subfield code="p">02-40087</subfield>
      <subfield code="i">02-40087</subfield>
      <subfield code="g">106</subfield>
      <subfield code="o">65.012.4 L372s10</subfield>
      <subfield code="e">Compra SIUNPA</subfield>
      <subfield code="8">CG</subfield>
    </datafield>
  </record>