
  <record>
    <leader>01000aam  22002601a 4500</leader>
    <controlfield tag="001">YPZ92357</controlfield>
    <controlfield tag="003">YPZ</controlfield>
    <controlfield tag="005">201002241821570</controlfield>
    <controlfield tag="008">100224|###########||||||b||||||||||spa|d</controlfield>
    <datafield tag="022" ind1=" " ind2=" ">
      <subfield code="a">03294838</subfield>
    </datafield>
    <datafield tag="040" ind1=" " ind2=" ">
      <subfield code="c">SIUNPA</subfield>
    </datafield>
    <datafield tag="041" ind1=" " ind2=" ">
      <subfield code="a">spa</subfield>
    </datafield>
    <datafield tag="044" ind1=" " ind2=" ">
      <subfield code="a">AR</subfield>
    </datafield>
    <datafield tag="080" ind1=" " ind2=" ">
      <subfield code="a">001.38 R312e 2007</subfield>
    </datafield>
    <datafield tag="110" ind1=" " ind2=" ">
      <subfield code="a">Red Iberoamericana de Indicadores de Ciencia y Tecnología.</subfield>
    </datafield>
    <datafield tag="245" ind1=" " ind2=" ">
      <subfield code="a">El estado de la ciencia</subfield>
      <subfield code="b"> : principales indicadores de ciencia y tecnología iberoamericanos/interamaericanos</subfield>
      <subfield code="c"> / Albornoz, Mario, dir. ; Guber, Rebeca, coord. ; Arber, Gustavo, colab. ; Barrere, Rodolfo, colab. ; Barrios, Romina, colab.</subfield>
    </datafield>
    <datafield tag="260" ind1=" " ind2=" ">
      <subfield code="a">Buenos Aires</subfield>
      <subfield code="b"> : Red Iberoamericana de Indicadores de Ciencia y Tecnología, RICyT</subfield>
      <subfield code="c"> , 2007</subfield>
    </datafield>
    <datafield tag="300" ind1=" " ind2=" ">
      <subfield code="a">xi, 124 p. : </subfield>
      <subfield code="b">il. ; </subfield>
      <subfield code="a">xxxi, [841] p. en varias paginaciones : </subfield>
      <subfield code="b">il. ; </subfield>
      <subfield code="a">404 p. : </subfield>
      <subfield code="b">il. ; </subfield>
      <subfield code="a">xxxii, [694] p. en varias paginaciones : </subfield>
      <subfield code="b">il. ; </subfield>
      <subfield code="a">xvii, 463 p. : </subfield>
      <subfield code="b">il. ; </subfield>
      <subfield code="a">xviii, 1018 p. : </subfield>
      <subfield code="b">il. ; </subfield>
      <subfield code="a">xx, 343 p. : </subfield>
      <subfield code="b">il. ; </subfield>
      <subfield code="a">xiii, 199 p. : </subfield>
      <subfield code="b">il. ; </subfield>
      <subfield code="a">xv, 375 p. : </subfield>
      <subfield code="b">il. ; </subfield>
      <subfield code="a">xi, 467 p. : </subfield>
      <subfield code="b">il. ; </subfield>
      <subfield code="a">160 p. : </subfield>
      <subfield code="b">cuadros, gráficos ; </subfield>
      <subfield code="e">1 CD-ROM en bolsillo</subfield>
    </datafield>
    <datafield tag="650" ind1=" " ind2=" ">
      <subfield code="a"> CIENCIA Y DESARROLLO</subfield>
    </datafield>
    <datafield tag="650" ind1=" " ind2=" ">
      <subfield code="a"> TECNOLOGIA</subfield>
    </datafield>
    <datafield tag="650" ind1=" " ind2=" ">
      <subfield code="a"> AMERICA LATINA</subfield>
    </datafield>
    <datafield tag="942" ind1=" " ind2=" ">
      <subfield code="c">BK</subfield>
    </datafield>
    <datafield tag="952" ind1=" " ind2=" ">
      <subfield code="a">BIB_RECT</subfield>
      <subfield code="b">BIB_UACO</subfield>
      <subfield code="d">2010-02-24</subfield>
      <subfield code="y">BK</subfield>
      <subfield code="p">02-38651</subfield>
      <subfield code="i">02-38651</subfield>
      <subfield code="g">30</subfield>
      <subfield code="o">001.38 R312e 2007</subfield>
      <subfield code="e">Donación y canje/09</subfield>
      <subfield code="8">CG</subfield>
    </datafield>
  </record>