
  <record>
    <leader>01000aam  22002601a 4500</leader>
    <controlfield tag="001">YPZ92361</controlfield>
    <controlfield tag="003">YPZ</controlfield>
    <controlfield tag="005">201002251352130</controlfield>
    <controlfield tag="008">100225|###########||||||b||||||||||spa|d</controlfield>
    <datafield tag="020" ind1=" " ind2=" ">
      <subfield code="a">9702610222</subfield>
    </datafield>
    <datafield tag="020" ind1=" " ind2=" ">
      <subfield code="a">9789702610229</subfield>
    </datafield>
    <datafield tag="040" ind1=" " ind2=" ">
      <subfield code="c">SIUNPA</subfield>
    </datafield>
    <datafield tag="041" ind1=" " ind2=" ">
      <subfield code="a">spa</subfield>
    </datafield>
    <datafield tag="044" ind1=" " ind2=" ">
      <subfield code="a">MX</subfield>
    </datafield>
    <datafield tag="080" ind1=" " ind2=" ">
      <subfield code="a">547 Y957f</subfield>
    </datafield>
    <datafield tag="100" ind1=" " ind2=" ">
      <subfield code="a">Yurkanis Bruice, Paula.</subfield>
    </datafield>
    <datafield tag="245" ind1=" " ind2=" ">
      <subfield code="a">Fundamentos de Química orgánica</subfield>
      <subfield code="c"> / Campos Olguín, Víctor, tr. ; Durán Reyes, Sergio, tr. ; Garduño García, Anel Verónica, rev. técnica ; Ríos Villaseñor, Luis, rev. técnica</subfield>
    </datafield>
    <datafield tag="250" ind1=" " ind2=" ">
      <subfield code="a">1a ed.</subfield>
    </datafield>
    <datafield tag="260" ind1=" " ind2=" ">
      <subfield code="a">Naucalpan de Juárez, México</subfield>
      <subfield code="b"> : Pearson Educación</subfield>
      <subfield code="c"> , 2007</subfield>
    </datafield>
    <datafield tag="650" ind1=" " ind2=" ">
      <subfield code="a"> QUIMICA ORGANICA</subfield>
    </datafield>
    <datafield tag="942" ind1=" " ind2=" ">
      <subfield code="c">BK</subfield>
    </datafield>
    <datafield tag="952" ind1=" " ind2=" ">
      <subfield code="a">BIB_RECT</subfield>
      <subfield code="b">BIB_UARG</subfield>
      <subfield code="d">2010-02-25</subfield>
      <subfield code="y">BK</subfield>
      <subfield code="p">05-38674</subfield>
      <subfield code="i">05-38674</subfield>
      <subfield code="g">115.9</subfield>
      <subfield code="o">547 Y957f</subfield>
      <subfield code="e">Compra SIUNPA/09</subfield>
      <subfield code="8">CG</subfield>
    </datafield>
    <datafield tag="952" ind1=" " ind2=" ">
      <subfield code="a">BIB_RECT</subfield>
      <subfield code="b">BIB_UARG</subfield>
      <subfield code="d">2010-02-25</subfield>
      <subfield code="y">BK</subfield>
      <subfield code="p">05-38675</subfield>
      <subfield code="i">05-38675</subfield>
      <subfield code="g">115.9</subfield>
      <subfield code="o">547 Y957f</subfield>
      <subfield code="e">Compra SIUNPA/09</subfield>
      <subfield code="8">CG</subfield>
    </datafield>
    <datafield tag="952" ind1=" " ind2=" ">
      <subfield code="a">BIB_RECT</subfield>
      <subfield code="b">BIB_UARG</subfield>
      <subfield code="d">2010-02-25</subfield>
      <subfield code="y">BK</subfield>
      <subfield code="p">05-38676</subfield>
      <subfield code="i">05-38676</subfield>
      <subfield code="g">115.9</subfield>
      <subfield code="o">547 Y957f</subfield>
      <subfield code="e">Compra SIUNPA/09</subfield>
      <subfield code="8">CG</subfield>
    </datafield>
    <datafield tag="952" ind1=" " ind2=" ">
      <subfield code="a">BIB_RECT</subfield>
      <subfield code="b">BIB_UARG</subfield>
      <subfield code="d">2010-02-25</subfield>
      <subfield code="y">BK</subfield>
      <subfield code="p">05-38677</subfield>
      <subfield code="i">05-38677</subfield>
      <subfield code="g">115.9</subfield>
      <subfield code="o">547 Y957f</subfield>
      <subfield code="e">Compra SIUNPA/09</subfield>
      <subfield code="8">CG</subfield>
    </datafield>
    <datafield tag="952" ind1=" " ind2=" ">
      <subfield code="a">BIB_RECT</subfield>
      <subfield code="b">BIB_UARG</subfield>
      <subfield code="d">2010-02-25</subfield>
      <subfield code="y">BK</subfield>
      <subfield code="p">05-38678</subfield>
      <subfield code="i">05-38678</subfield>
      <subfield code="g">115.9</subfield>
      <subfield code="o">547 Y957f</subfield>
      <subfield code="e">Compra SIUNPA/09</subfield>
      <subfield code="8">CG</subfield>
    </datafield>
  </record>