
  <record>
    <leader>01000aam  22002601a 4500</leader>
    <controlfield tag="001">YPZ92365</controlfield>
    <controlfield tag="003">YPZ</controlfield>
    <controlfield tag="005">201002261431340</controlfield>
    <controlfield tag="008">100226|###########||||||b||||||||||spa|d</controlfield>
    <datafield tag="020" ind1=" " ind2=" ">
      <subfield code="a">9788483830277</subfield>
    </datafield>
    <datafield tag="040" ind1=" " ind2=" ">
      <subfield code="c">SIUNPA</subfield>
    </datafield>
    <datafield tag="041" ind1=" " ind2=" ">
      <subfield code="a">spa</subfield>
    </datafield>
    <datafield tag="044" ind1=" " ind2=" ">
      <subfield code="a">ES</subfield>
    </datafield>
    <datafield tag="080" ind1=" " ind2=" ">
      <subfield code="a">821.134.2(728.3)</subfield>
    </datafield>
    <datafield tag="100" ind1=" " ind2=" ">
      <subfield code="a">Castellanos Moya, Horacio.</subfield>
    </datafield>
    <datafield tag="245" ind1=" " ind2=" ">
      <subfield code="a">El asco</subfield>
      <subfield code="b"> : Thomas Bernhard en San Salvador</subfield>
      <subfield code="c"> / Bolaño, Roberto, nota</subfield>
    </datafield>
    <datafield tag="250" ind1=" " ind2=" ">
      <subfield code="a">1a ed.</subfield>
    </datafield>
    <datafield tag="260" ind1=" " ind2=" ">
      <subfield code="a">Barcelona</subfield>
      <subfield code="b"> : Tusquets</subfield>
      <subfield code="c"> , 2007</subfield>
    </datafield>
    <datafield tag="440" ind1=" " ind2=" ">
      <subfield code="a">Colección andanzas</subfield>
      <subfield code="v">644</subfield>
    </datafield>
    <datafield tag="490" ind1=" " ind2=" ">
      <subfield code="a">Colección andanzas</subfield>
      <subfield code="v">644</subfield>
    </datafield>
    <datafield tag="650" ind1=" " ind2=" ">
      <subfield code="a"> LITERATURA HONDUREÑA</subfield>
    </datafield>
    <datafield tag="650" ind1=" " ind2=" ">
      <subfield code="a"> NOVELA</subfield>
    </datafield>
    <datafield tag="942" ind1=" " ind2=" ">
      <subfield code="c">BK</subfield>
    </datafield>
    <datafield tag="952" ind1=" " ind2=" ">
      <subfield code="a">BIB_RECT</subfield>
      <subfield code="b">BIB_UARG</subfield>
      <subfield code="d">2010-02-24</subfield>
      <subfield code="y">BK</subfield>
      <subfield code="p">05-38731</subfield>
      <subfield code="i">05-38731</subfield>
      <subfield code="g">55.4</subfield>
      <subfield code="o">821.134.2(728.3)</subfield>
      <subfield code="e">Compra SIUNPA OC 156/09</subfield>
      <subfield code="8">CG</subfield>
    </datafield>
    <datafield tag="952" ind1=" " ind2=" ">
      <subfield code="a">BIB_RECT</subfield>
      <subfield code="b">BIB_UARG</subfield>
      <subfield code="d">2010-02-24</subfield>
      <subfield code="y">BK</subfield>
      <subfield code="p">05-38732</subfield>
      <subfield code="i">05-38732</subfield>
      <subfield code="g">55.4</subfield>
      <subfield code="o">821.134.2(728.3)</subfield>
      <subfield code="e">Compra SIUNPA OC 156/09</subfield>
      <subfield code="8">CG</subfield>
    </datafield>
  </record>