
  <record>
    <leader>01000aam  22002601a 4500</leader>
    <controlfield tag="001">YPZ92372</controlfield>
    <controlfield tag="003">YPZ</controlfield>
    <controlfield tag="005">201003011423260</controlfield>
    <controlfield tag="008">100301|###########||||||b||||||||||spa|d</controlfield>
    <datafield tag="020" ind1=" " ind2=" ">
      <subfield code="a">9789501242591</subfield>
    </datafield>
    <datafield tag="040" ind1=" " ind2=" ">
      <subfield code="c">SIUNPA</subfield>
    </datafield>
    <datafield tag="041" ind1=" " ind2=" ">
      <subfield code="a">spa</subfield>
    </datafield>
    <datafield tag="044" ind1=" " ind2=" ">
      <subfield code="a">AR</subfield>
    </datafield>
    <datafield tag="080" ind1=" " ind2=" ">
      <subfield code="a">159.964.28 B489d</subfield>
    </datafield>
    <datafield tag="100" ind1=" " ind2=" ">
      <subfield code="a">Berenstein, Isidoro.</subfield>
    </datafield>
    <datafield tag="245" ind1=" " ind2=" ">
      <subfield code="a">Del ser al hacer</subfield>
      <subfield code="b"> : curso sobre vincularidad</subfield>
    </datafield>
    <datafield tag="250" ind1=" " ind2=" ">
      <subfield code="a">1a ed., 1a reimpr.</subfield>
    </datafield>
    <datafield tag="260" ind1=" " ind2=" ">
      <subfield code="a">Buenos Aires</subfield>
      <subfield code="b"> : Paidós</subfield>
      <subfield code="c"> , 2008</subfield>
    </datafield>
    <datafield tag="440" ind1=" " ind2=" ">
      <subfield code="a">Ensayos / Eudeba</subfield>
      <subfield code="a">Biblioteca básica de historia</subfield>
      <subfield code="a">Ensayos críticos / Beatriz Viterbo</subfield>
      <subfield code="a">Biblioteca de Psicología profunda</subfield>
      <subfield code="v">259</subfield>
    </datafield>
    <datafield tag="490" ind1=" " ind2=" ">
      <subfield code="a">Ensayos / Eudeba</subfield>
      <subfield code="a">Biblioteca básica de historia</subfield>
      <subfield code="a">Ensayos críticos / Beatriz Viterbo</subfield>
      <subfield code="a">Biblioteca de Psicología profunda</subfield>
      <subfield code="v">259</subfield>
    </datafield>
    <datafield tag="650" ind1=" " ind2=" ">
      <subfield code="a"> PSICOANALISIS  PSICOTERAPIA DE PAREJA</subfield>
    </datafield>
    <datafield tag="650" ind1=" " ind2=" ">
      <subfield code="a"> RELACION OBJETAL</subfield>
    </datafield>
    <datafield tag="650" ind1=" " ind2=" ">
      <subfield code="a"> TERAPIA FAMILIAR</subfield>
    </datafield>
    <datafield tag="650" ind1=" " ind2=" ">
      <subfield code="a"> CONFLICTO DE PAREJA</subfield>
    </datafield>
    <datafield tag="650" ind1=" " ind2=" ">
      <subfield code="a"> RELACIONES MADRE</subfield>
    </datafield>
    <datafield tag="650" ind1=" " ind2=" ">
      <subfield code="a">HIJO</subfield>
    </datafield>
    <datafield tag="942" ind1=" " ind2=" ">
      <subfield code="c">BK</subfield>
    </datafield>
    <datafield tag="952" ind1=" " ind2=" ">
      <subfield code="a">BIB_RECT</subfield>
      <subfield code="b">BIB_UARG</subfield>
      <subfield code="d">2010-03-01</subfield>
      <subfield code="y">BK</subfield>
      <subfield code="p">05-38705</subfield>
      <subfield code="i">05-38705</subfield>
      <subfield code="g">42.6</subfield>
      <subfield code="o">159.964.28 B489d</subfield>
      <subfield code="e">Compra SIUNPA OC 156/09</subfield>
      <subfield code="8">CG</subfield>
    </datafield>
    <datafield tag="952" ind1=" " ind2=" ">
      <subfield code="a">BIB_RECT</subfield>
      <subfield code="b">BIB_UARG</subfield>
      <subfield code="d">2010-03-01</subfield>
      <subfield code="y">BK</subfield>
      <subfield code="p">05-38706</subfield>
      <subfield code="i">05-38706</subfield>
      <subfield code="g">42.6</subfield>
      <subfield code="o">159.964.28 B489d</subfield>
      <subfield code="e">Compra SIUNPA OC 156/09</subfield>
      <subfield code="8">CG</subfield>
    </datafield>
    <datafield tag="952" ind1=" " ind2=" ">
      <subfield code="a">BIB_RECT</subfield>
      <subfield code="b">BIB_UARG</subfield>
      <subfield code="d">2010-03-01</subfield>
      <subfield code="y">BK</subfield>
      <subfield code="p">05-38707</subfield>
      <subfield code="i">05-38707</subfield>
      <subfield code="g">42.6</subfield>
      <subfield code="o">159.964.28 B489d</subfield>
      <subfield code="e">Compra SIUNPA OC 156/09</subfield>
      <subfield code="8">CG</subfield>
    </datafield>
    <datafield tag="952" ind1=" " ind2=" ">
      <subfield code="a">BIB_RECT</subfield>
      <subfield code="b">BIB_UARG</subfield>
      <subfield code="d">2010-10-06</subfield>
      <subfield code="y">BK</subfield>
      <subfield code="p">05-40046</subfield>
      <subfield code="i">05-40046</subfield>
      <subfield code="g">51</subfield>
      <subfield code="o">159.964.28 B489d</subfield>
      <subfield code="e">Compra SIUNPA</subfield>
      <subfield code="8">CG</subfield>
    </datafield>
    <datafield tag="952" ind1=" " ind2=" ">
      <subfield code="a">BIB_RECT</subfield>
      <subfield code="b">BIB_UARG</subfield>
      <subfield code="d">2010-10-06</subfield>
      <subfield code="y">BK</subfield>
      <subfield code="p">05-40047</subfield>
      <subfield code="i">05-40047</subfield>
      <subfield code="g">51</subfield>
      <subfield code="o">159.964.28 B489d</subfield>
      <subfield code="e">Compra SIUNPA</subfield>
      <subfield code="8">CG</subfield>
    </datafield>
  </record>