
  <record>
    <leader>01000aam  22002601a 4500</leader>
    <controlfield tag="001">YPZ92379</controlfield>
    <controlfield tag="003">YPZ</controlfield>
    <controlfield tag="005">201003011615410</controlfield>
    <controlfield tag="008">100301|###########||||||b||||||||||spa|d</controlfield>
    <datafield tag="020" ind1=" " ind2=" ">
      <subfield code="a">9789876290241</subfield>
    </datafield>
    <datafield tag="040" ind1=" " ind2=" ">
      <subfield code="c">SIUNPA</subfield>
    </datafield>
    <datafield tag="041" ind1=" " ind2=" ">
      <subfield code="a">spa</subfield>
    </datafield>
    <datafield tag="044" ind1=" " ind2=" ">
      <subfield code="a">AR</subfield>
    </datafield>
    <datafield tag="080" ind1=" " ind2=" ">
      <subfield code="a">37.014 N964n</subfield>
    </datafield>
    <datafield tag="100" ind1=" " ind2=" ">
      <subfield code="a">Tenti Fanfani, Emilio, comp..</subfield>
    </datafield>
    <datafield tag="245" ind1=" " ind2=" ">
      <subfield code="a">Nuevos temas en la agenda de política educativa</subfield>
    </datafield>
    <datafield tag="260" ind1=" " ind2=" ">
      <subfield code="a">Buenos Aires</subfield>
      <subfield code="b"> : Siglo XXI</subfield>
      <subfield code="c"> , 2008</subfield>
    </datafield>
    <datafield tag="650" ind1=" " ind2=" ">
      <subfield code="a"> POLITICAS DE EDUCACION</subfield>
    </datafield>
    <datafield tag="650" ind1=" " ind2=" ">
      <subfield code="a"> SOCIOLOGIA DE LA EDUCACION</subfield>
    </datafield>
    <datafield tag="650" ind1=" " ind2=" ">
      <subfield code="a"> ESTADO Y EDUCACION</subfield>
    </datafield>
    <datafield tag="650" ind1=" " ind2=" ">
      <subfield code="a"> CALIDAD DE LA EDUCACION</subfield>
    </datafield>
    <datafield tag="942" ind1=" " ind2=" ">
      <subfield code="c">BK</subfield>
    </datafield>
    <datafield tag="952" ind1=" " ind2=" ">
      <subfield code="a">BIB_RECT</subfield>
      <subfield code="b">BIB_UACO</subfield>
      <subfield code="d">2011-09-02</subfield>
      <subfield code="y">BK</subfield>
      <subfield code="p">02-41334</subfield>
      <subfield code="i">02-41334</subfield>
      <subfield code="g">42</subfield>
      <subfield code="o">37.014 N964n</subfield>
      <subfield code="e">Compra SIUNPA</subfield>
      <subfield code="8">CG</subfield>
    </datafield>
    <datafield tag="952" ind1=" " ind2=" ">
      <subfield code="a">BIB_RECT</subfield>
      <subfield code="b">BIB_UACO</subfield>
      <subfield code="d">2011-09-02</subfield>
      <subfield code="y">BK</subfield>
      <subfield code="p">02-41335</subfield>
      <subfield code="i">02-41335</subfield>
      <subfield code="g">42</subfield>
      <subfield code="o">37.014 N964n</subfield>
      <subfield code="e">Compra SIUNPA</subfield>
      <subfield code="8">CG</subfield>
    </datafield>
    <datafield tag="952" ind1=" " ind2=" ">
      <subfield code="a">BIB_RECT</subfield>
      <subfield code="b">BIB_UARG</subfield>
      <subfield code="d">2010-03-01</subfield>
      <subfield code="y">BK</subfield>
      <subfield code="p">05-38734</subfield>
      <subfield code="i">05-38734</subfield>
      <subfield code="g">31.8</subfield>
      <subfield code="o">37.014 N964n</subfield>
      <subfield code="e">Compra SIUNPA/09</subfield>
      <subfield code="8">CG</subfield>
    </datafield>
    <datafield tag="952" ind1=" " ind2=" ">
      <subfield code="a">BIB_RECT</subfield>
      <subfield code="b">BIB_UARG</subfield>
      <subfield code="d">2010-03-01</subfield>
      <subfield code="y">BK</subfield>
      <subfield code="p">05-38735</subfield>
      <subfield code="i">05-38735</subfield>
      <subfield code="g">31.8</subfield>
      <subfield code="o">37.014 N964n</subfield>
      <subfield code="e">Compra SIUNPA/09</subfield>
      <subfield code="8">CG</subfield>
    </datafield>
    <datafield tag="952" ind1=" " ind2=" ">
      <subfield code="a">BIB_RECT</subfield>
      <subfield code="b">BIB_UARG</subfield>
      <subfield code="d">2010-03-01</subfield>
      <subfield code="y">BK</subfield>
      <subfield code="p">05-38736</subfield>
      <subfield code="i">05-38736</subfield>
      <subfield code="g">31.8</subfield>
      <subfield code="o">37.014 N964n</subfield>
      <subfield code="e">Compra SIUNPA/09</subfield>
      <subfield code="8">CG</subfield>
    </datafield>
    <datafield tag="952" ind1=" " ind2=" ">
      <subfield code="a">BIB_RECT</subfield>
      <subfield code="b">BIB_UARG</subfield>
      <subfield code="d">2010-03-01</subfield>
      <subfield code="y">BK</subfield>
      <subfield code="p">05-38737</subfield>
      <subfield code="i">05-38737</subfield>
      <subfield code="g">31.8</subfield>
      <subfield code="o">37.014 N964n</subfield>
      <subfield code="e">Compra SIUNPA/09</subfield>
      <subfield code="8">CG</subfield>
    </datafield>
    <datafield tag="952" ind1=" " ind2=" ">
      <subfield code="a">BIB_RECT</subfield>
      <subfield code="b">BIB_UARG</subfield>
      <subfield code="d">2010-03-01</subfield>
      <subfield code="y">BK</subfield>
      <subfield code="p">05-38738</subfield>
      <subfield code="i">05-38738</subfield>
      <subfield code="g">31.8</subfield>
      <subfield code="o">37.014 N964n</subfield>
      <subfield code="e">Compra SIUNPA/09</subfield>
      <subfield code="8">CG</subfield>
    </datafield>
    <datafield tag="952" ind1=" " ind2=" ">
      <subfield code="a">BIB_RECT</subfield>
      <subfield code="b">BIB_UARG</subfield>
      <subfield code="d">2010-03-01</subfield>
      <subfield code="y">BK</subfield>
      <subfield code="p">05-38739</subfield>
      <subfield code="i">05-38739</subfield>
      <subfield code="g">31.8</subfield>
      <subfield code="o">37.014 N964n</subfield>
      <subfield code="e">Compra SIUNPA/09</subfield>
      <subfield code="8">CG</subfield>
    </datafield>
    <datafield tag="952" ind1=" " ind2=" ">
      <subfield code="a">BIB_RECT</subfield>
      <subfield code="b">BIB_UARG</subfield>
      <subfield code="d">2010-10-22</subfield>
      <subfield code="y">BK</subfield>
      <subfield code="p">05-40272</subfield>
      <subfield code="i">05-40272</subfield>
      <subfield code="g">35</subfield>
      <subfield code="o">37.014 N964n</subfield>
      <subfield code="e">SIUNPA</subfield>
      <subfield code="8">CG</subfield>
    </datafield>
    <datafield tag="952" ind1=" " ind2=" ">
      <subfield code="a">BIB_RECT</subfield>
      <subfield code="b">BIB_UARG</subfield>
      <subfield code="d">2010-10-22</subfield>
      <subfield code="y">BK</subfield>
      <subfield code="p">05-40273</subfield>
      <subfield code="i">05-40273</subfield>
      <subfield code="g">35</subfield>
      <subfield code="o">37.014 N964n</subfield>
      <subfield code="e">SIUNPA</subfield>
      <subfield code="8">CG</subfield>
    </datafield>
    <datafield tag="952" ind1=" " ind2=" ">
      <subfield code="a">BIB_RECT</subfield>
      <subfield code="b">BIB_UARG</subfield>
      <subfield code="d">2010-10-22</subfield>
      <subfield code="y">BK</subfield>
      <subfield code="p">05-40274</subfield>
      <subfield code="i">05-40274</subfield>
      <subfield code="g">35</subfield>
      <subfield code="o">37.014 N964n</subfield>
      <subfield code="e">SIUNPA</subfield>
      <subfield code="8">CG</subfield>
    </datafield>
    <datafield tag="952" ind1=" " ind2=" ">
      <subfield code="a">BIB_RECT</subfield>
      <subfield code="b">BIB_UARG</subfield>
      <subfield code="d">2010-10-22</subfield>
      <subfield code="y">BK</subfield>
      <subfield code="p">05-40275</subfield>
      <subfield code="i">05-40275</subfield>
      <subfield code="g">35</subfield>
      <subfield code="o">37.014 N964n</subfield>
      <subfield code="e">SIUNPA</subfield>
      <subfield code="8">CG</subfield>
    </datafield>
    <datafield tag="952" ind1=" " ind2=" ">
      <subfield code="a">BIB_RECT</subfield>
      <subfield code="b">BIB_UARG</subfield>
      <subfield code="d">2010-10-22</subfield>
      <subfield code="y">BK</subfield>
      <subfield code="p">05-40276</subfield>
      <subfield code="i">05-40276</subfield>
      <subfield code="g">35</subfield>
      <subfield code="o">37.014 N964n</subfield>
      <subfield code="e">SIUNPA</subfield>
      <subfield code="8">CG</subfield>
    </datafield>
    <datafield tag="952" ind1=" " ind2=" ">
      <subfield code="a">BIB_RECT</subfield>
      <subfield code="b">BIB_UARG</subfield>
      <subfield code="d">2010-10-22</subfield>
      <subfield code="y">BK</subfield>
      <subfield code="p">05-40277</subfield>
      <subfield code="i">05-40277</subfield>
      <subfield code="g">35</subfield>
      <subfield code="o">37.014 N964n</subfield>
      <subfield code="e">SIUNPA</subfield>
      <subfield code="8">CG</subfield>
    </datafield>
    <datafield tag="952" ind1=" " ind2=" ">
      <subfield code="a">BIB_RECT</subfield>
      <subfield code="b">BIB_UARG</subfield>
      <subfield code="d">2010-10-22</subfield>
      <subfield code="y">BK</subfield>
      <subfield code="p">05-40278</subfield>
      <subfield code="i">05-40278</subfield>
      <subfield code="g">35</subfield>
      <subfield code="o">37.014 N964n</subfield>
      <subfield code="e">SIUNPA</subfield>
      <subfield code="8">CG</subfield>
    </datafield>
    <datafield tag="952" ind1=" " ind2=" ">
      <subfield code="a">BIB_RECT</subfield>
      <subfield code="b">BIB_UARG</subfield>
      <subfield code="d">2010-10-22</subfield>
      <subfield code="y">BK</subfield>
      <subfield code="p">05-40279</subfield>
      <subfield code="i">05-40279</subfield>
      <subfield code="g">35</subfield>
      <subfield code="o">37.014 N964n</subfield>
      <subfield code="e">SIUNPA</subfield>
      <subfield code="8">CG</subfield>
    </datafield>
    <datafield tag="952" ind1=" " ind2=" ">
      <subfield code="a">BIB_RECT</subfield>
      <subfield code="b">BIB_UARG</subfield>
      <subfield code="d">2010-10-22</subfield>
      <subfield code="y">BK</subfield>
      <subfield code="p">05-40280</subfield>
      <subfield code="i">05-40280</subfield>
      <subfield code="g">35</subfield>
      <subfield code="o">37.014 N964n</subfield>
      <subfield code="e">SIUNPA</subfield>
      <subfield code="8">CG</subfield>
    </datafield>
    <datafield tag="952" ind1=" " ind2=" ">
      <subfield code="a">BIB_RECT</subfield>
      <subfield code="b">BIB_UARG</subfield>
      <subfield code="d">2010-10-22</subfield>
      <subfield code="y">BK</subfield>
      <subfield code="p">05-40281</subfield>
      <subfield code="i">05-40281</subfield>
      <subfield code="g">35</subfield>
      <subfield code="o">37.014 N964n</subfield>
      <subfield code="e">SIUNPA</subfield>
      <subfield code="8">CG</subfield>
    </datafield>
    <datafield tag="952" ind1=" " ind2=" ">
      <subfield code="a">BIB_RECT</subfield>
      <subfield code="b">BIB_UARG</subfield>
      <subfield code="d">2010-10-22</subfield>
      <subfield code="y">BK</subfield>
      <subfield code="p">05-40282</subfield>
      <subfield code="i">05-40282</subfield>
      <subfield code="g">35</subfield>
      <subfield code="o">37.014 N964n</subfield>
      <subfield code="e">SIUNPA</subfield>
      <subfield code="8">CG</subfield>
    </datafield>
    <datafield tag="952" ind1=" " ind2=" ">
      <subfield code="a">BIB_RECT</subfield>
      <subfield code="b">BIB_UARG</subfield>
      <subfield code="d">2010-10-22</subfield>
      <subfield code="y">BK</subfield>
      <subfield code="p">05-40283</subfield>
      <subfield code="i">05-40283</subfield>
      <subfield code="g">35</subfield>
      <subfield code="o">37.014 N964n</subfield>
      <subfield code="e">SIUNPA</subfield>
      <subfield code="8">CG</subfield>
    </datafield>
    <datafield tag="952" ind1=" " ind2=" ">
      <subfield code="a">BIB_RECT</subfield>
      <subfield code="b">BIB_UARG</subfield>
      <subfield code="d">2010-10-22</subfield>
      <subfield code="y">BK</subfield>
      <subfield code="p">05-40284</subfield>
      <subfield code="i">05-40284</subfield>
      <subfield code="g">35</subfield>
      <subfield code="o">37.014 N964n</subfield>
      <subfield code="e">SIUNPA</subfield>
      <subfield code="8">CG</subfield>
    </datafield>
    <datafield tag="952" ind1=" " ind2=" ">
      <subfield code="a">BIB_RECT</subfield>
      <subfield code="b">BIB_UARG</subfield>
      <subfield code="d">2010-11-23</subfield>
      <subfield code="y">BK</subfield>
      <subfield code="p">05-40406</subfield>
      <subfield code="i">05-40406</subfield>
      <subfield code="g">35</subfield>
      <subfield code="o">37.014 N964n</subfield>
      <subfield code="e">SIUNPA</subfield>
      <subfield code="8">CG</subfield>
    </datafield>
    <datafield tag="952" ind1=" " ind2=" ">
      <subfield code="a">BIB_RECT</subfield>
      <subfield code="b">BIB_UARG</subfield>
      <subfield code="d">2010-11-23</subfield>
      <subfield code="y">BK</subfield>
      <subfield code="p">05-40407</subfield>
      <subfield code="i">05-40407</subfield>
      <subfield code="g">35</subfield>
      <subfield code="o">37.014 N964n</subfield>
      <subfield code="e">SIUNPA</subfield>
      <subfield code="8">CG</subfield>
    </datafield>
  </record>