
  <record>
    <leader>01000aam  22002601a 4500</leader>
    <controlfield tag="001">YPZ92383</controlfield>
    <controlfield tag="003">YPZ</controlfield>
    <controlfield tag="005">201003011749560</controlfield>
    <controlfield tag="008">100301|###########||||||b||||||||||spa|d</controlfield>
    <datafield tag="020" ind1=" " ind2=" ">
      <subfield code="a">9508451777</subfield>
    </datafield>
    <datafield tag="020" ind1=" " ind2=" ">
      <subfield code="a">9789508451774</subfield>
    </datafield>
    <datafield tag="040" ind1=" " ind2=" ">
      <subfield code="c">SIUNPA</subfield>
    </datafield>
    <datafield tag="041" ind1=" " ind2=" ">
      <subfield code="a">spa</subfield>
    </datafield>
    <datafield tag="044" ind1=" " ind2=" ">
      <subfield code="a">AR</subfield>
    </datafield>
    <datafield tag="080" ind1=" " ind2=" ">
      <subfield code="a">821.134.2(83).09</subfield>
    </datafield>
    <datafield tag="100" ind1=" " ind2=" ">
      <subfield code="a">Vila, María del Pilar.</subfield>
    </datafield>
    <datafield tag="245" ind1=" " ind2=" ">
      <subfield code="a">Las máscaras de la decadencia</subfield>
      <subfield code="b"> : la obra de Jorge Edwards y el medio siglo chileno</subfield>
    </datafield>
    <datafield tag="260" ind1=" " ind2=" ">
      <subfield code="a">Rosario</subfield>
      <subfield code="b"> : Beatriz Viterbo Editora</subfield>
      <subfield code="c"> , 2006</subfield>
    </datafield>
    <datafield tag="440" ind1=" " ind2=" ">
      <subfield code="a">Biblioteca tesis. Ensayo</subfield>
      <subfield code="a">El hombre y sus obras</subfield>
      <subfield code="a">Historia de Europa Oxford</subfield>
      <subfield code="a">Sociología y Política. Serie Educación y sociedad</subfield>
      <subfield code="a">Crítica/Historia y teoría</subfield>
      <subfield code="a">Ensayos / Eudeba</subfield>
      <subfield code="a">Sociología y política</subfield>
      <subfield code="a">Tesis. Ensayo</subfield>
      <subfield code="v">50</subfield>
    </datafield>
    <datafield tag="490" ind1=" " ind2=" ">
      <subfield code="a">Biblioteca tesis. Ensayo</subfield>
      <subfield code="a">El hombre y sus obras</subfield>
      <subfield code="a">Historia de Europa Oxford</subfield>
      <subfield code="a">Sociología y Política. Serie Educación y sociedad</subfield>
      <subfield code="a">Crítica/Historia y teoría</subfield>
      <subfield code="a">Ensayos / Eudeba</subfield>
      <subfield code="a">Sociología y política</subfield>
      <subfield code="a">Tesis. Ensayo</subfield>
      <subfield code="v">50</subfield>
    </datafield>
    <datafield tag="650" ind1=" " ind2=" ">
      <subfield code="a"> LITERATURA CHILENA</subfield>
    </datafield>
    <datafield tag="650" ind1=" " ind2=" ">
      <subfield code="a"> CRITICA LITERARIA</subfield>
    </datafield>
    <datafield tag="650" ind1=" " ind2=" ">
      <subfield code="a"> EDWARDS, JORGE (1931</subfield>
    </datafield>
    <datafield tag="650" ind1=" " ind2=" ">
      <subfield code="a">)</subfield>
    </datafield>
    <datafield tag="942" ind1=" " ind2=" ">
      <subfield code="c">BK</subfield>
    </datafield>
    <datafield tag="952" ind1=" " ind2=" ">
      <subfield code="a">BIB_RECT</subfield>
      <subfield code="b">BIB_UARG</subfield>
      <subfield code="d">2010-03-01</subfield>
      <subfield code="y">BK</subfield>
      <subfield code="p">05-38721</subfield>
      <subfield code="i">05-38721</subfield>
      <subfield code="g">38.2</subfield>
      <subfield code="o">821.134.2(83).09</subfield>
      <subfield code="e">Compra SIUNPA/09</subfield>
      <subfield code="8">CG</subfield>
    </datafield>
  </record>