
  <record>
    <leader>01000aam  22002601a 4500</leader>
    <controlfield tag="001">YPZ92389</controlfield>
    <controlfield tag="003">YPZ</controlfield>
    <controlfield tag="005">201003021713210</controlfield>
    <controlfield tag="008">100302|###########||||||b||||||||||spa|d</controlfield>
    <datafield tag="020" ind1=" " ind2=" ">
      <subfield code="a">9702606543</subfield>
    </datafield>
    <datafield tag="040" ind1=" " ind2=" ">
      <subfield code="c">SIUNPA</subfield>
    </datafield>
    <datafield tag="041" ind1=" " ind2=" ">
      <subfield code="a">spa</subfield>
    </datafield>
    <datafield tag="044" ind1=" " ind2=" ">
      <subfield code="a">MX</subfield>
    </datafield>
    <datafield tag="080" ind1=" " ind2=" ">
      <subfield code="a">620.17 H624m6</subfield>
    </datafield>
    <datafield tag="100" ind1=" " ind2=" ">
      <subfield code="a">Hibbeler, R.C..</subfield>
    </datafield>
    <datafield tag="245" ind1=" " ind2=" ">
      <subfield code="a">Mecánica de materiales</subfield>
      <subfield code="b"> : sexta edición</subfield>
      <subfield code="c"> / Cera Alonso, José de la, tr. ; González y Pozo, Virgilio, tr. ; Zúñiga, Alex Elías, rev. técnica</subfield>
    </datafield>
    <datafield tag="250" ind1=" " ind2=" ">
      <subfield code="a">6a ed.</subfield>
    </datafield>
    <datafield tag="260" ind1=" " ind2=" ">
      <subfield code="a">Naucalpan de Juárez, México</subfield>
      <subfield code="b"> : Pearson Educación</subfield>
      <subfield code="c"> , 2006</subfield>
    </datafield>
    <datafield tag="650" ind1=" " ind2=" ">
      <subfield code="a"> RESISTENCIA DE MATERIALES</subfield>
    </datafield>
    <datafield tag="650" ind1=" " ind2=" ">
      <subfield code="a"> TENSION (MECANICA)</subfield>
    </datafield>
    <datafield tag="942" ind1=" " ind2=" ">
      <subfield code="c">BK</subfield>
    </datafield>
    <datafield tag="952" ind1=" " ind2=" ">
      <subfield code="a">BIB_RECT</subfield>
      <subfield code="b">BIB_UART</subfield>
      <subfield code="d">2010-03-02</subfield>
      <subfield code="y">BK</subfield>
      <subfield code="p">03-38756</subfield>
      <subfield code="i">03-38756</subfield>
      <subfield code="g">142</subfield>
      <subfield code="o">620.17 H624m6</subfield>
      <subfield code="e">Compra SIUNPA/09</subfield>
      <subfield code="8">CG</subfield>
    </datafield>
    <datafield tag="952" ind1=" " ind2=" ">
      <subfield code="a">BIB_RECT</subfield>
      <subfield code="b">BIB_UART</subfield>
      <subfield code="d">2010-03-02</subfield>
      <subfield code="y">BK</subfield>
      <subfield code="p">03-38757</subfield>
      <subfield code="i">03-38757</subfield>
      <subfield code="g">142</subfield>
      <subfield code="o">620.17 H624m6</subfield>
      <subfield code="e">Compra SIUNPA/09</subfield>
      <subfield code="8">CG</subfield>
    </datafield>
  </record>