
  <record>
    <leader>01000aam  22002601a 4500</leader>
    <controlfield tag="001">YPZ92395</controlfield>
    <controlfield tag="003">YPZ</controlfield>
    <controlfield tag="005">201003021907020</controlfield>
    <controlfield tag="008">100302|###########||||||b||||||||||spa|d</controlfield>
    <datafield tag="020" ind1=" " ind2=" ">
      <subfield code="a">9701509900</subfield>
    </datafield>
    <datafield tag="040" ind1=" " ind2=" ">
      <subfield code="c">SIUNPA</subfield>
    </datafield>
    <datafield tag="041" ind1=" " ind2=" ">
      <subfield code="a">spa</subfield>
    </datafield>
    <datafield tag="044" ind1=" " ind2=" ">
      <subfield code="a">MX</subfield>
    </datafield>
    <datafield tag="080" ind1=" " ind2=" ">
      <subfield code="a">512.64 A394a2</subfield>
    </datafield>
    <datafield tag="100" ind1=" " ind2=" ">
      <subfield code="a">Bru, Rafael.</subfield>
    </datafield>
    <datafield tag="700" ind1=" " ind2=" ">
      <subfield code="a">Climent, Joan-Josep.</subfield>
    </datafield>
    <datafield tag="700" ind1=" " ind2=" ">
      <subfield code="a">Mas, Josep.</subfield>
    </datafield>
    <datafield tag="700" ind1=" " ind2=" ">
      <subfield code="a">Urbano, Ana.</subfield>
    </datafield>
    <datafield tag="245" ind1=" " ind2=" ">
      <subfield code="a">Álgebra lineal</subfield>
    </datafield>
    <datafield tag="250" ind1=" " ind2=" ">
      <subfield code="a">2a ed., 2a reimpr.</subfield>
    </datafield>
    <datafield tag="260" ind1=" " ind2=" ">
      <subfield code="a">México, D.F.</subfield>
      <subfield code="b"> : Alfaomega</subfield>
      <subfield code="c"> , 2006</subfield>
    </datafield>
    <datafield tag="300" ind1=" " ind2=" ">
      <subfield code="a">xxxii, [586] p. en varias paginaciones : </subfield>
      <subfield code="b">il. ; </subfield>
      <subfield code="a">xv, 384 p. : </subfield>
      <subfield code="b">il. ; </subfield>
      <subfield code="a">xxxii, [530] p. en varias paginaciones : </subfield>
      <subfield code="b">il. ; </subfield>
      <subfield code="a">xxviii, [591] p. en varias paginaciones : </subfield>
      <subfield code="b">il. ; </subfield>
      <subfield code="a">224 p. : </subfield>
      <subfield code="a">175 p. : </subfield>
      <subfield code="a">155 p. : </subfield>
      <subfield code="a">139 p. : </subfield>
      <subfield code="a">233 p. : </subfield>
      <subfield code="a">163 p. : </subfield>
      <subfield code="a">234 p. : </subfield>
      <subfield code="a">318 p. : </subfield>
      <subfield code="a">317 p. : </subfield>
      <subfield code="a">183 p. : </subfield>
      <subfield code="a">200 p. : </subfield>
      <subfield code="a">287 p. : </subfield>
      <subfield code="a">334 p. : </subfield>
      <subfield code="a">308 p. : </subfield>
      <subfield code="b">il. ; </subfield>
      <subfield code="a">333 p. : </subfield>
      <subfield code="b">il. ; </subfield>
      <subfield code="a">155 p. : </subfield>
      <subfield code="a">234 p. : </subfield>
      <subfield code="a">198 p. : </subfield>
      <subfield code="a">308 p. : </subfield>
      <subfield code="b">il. ; </subfield>
      <subfield code="a">236 p. : </subfield>
      <subfield code="a">250 p. : </subfield>
      <subfield code="a">458 p. : </subfield>
      <subfield code="b">il. ; </subfield>
      <subfield code="a">287 p. : </subfield>
      <subfield code="b">il. ; </subfield>
      <subfield code="a">207 p. : </subfield>
      <subfield code="b">il. ; </subfield>
      <subfield code="a">383 p : </subfield>
      <subfield code="b">il. ; </subfield>
      <subfield code="a">584 p. : </subfield>
      <subfield code="a">xvi, 876 p. : </subfield>
      <subfield code="b">il. ; </subfield>
      <subfield code="a">254 p. : </subfield>
      <subfield code="a">1118 p. : </subfield>
      <subfield code="a">xxii, 780 p. : </subfield>
      <subfield code="b">il. ; </subfield>
      <subfield code="a">xvi, 671 p. : </subfield>
      <subfield code="b">il. ; </subfield>
      <subfield code="a">ix, 588 p. : </subfield>
      <subfield code="b">il. ; </subfield>
      <subfield code="e">1 CD-ROM en bolsillo</subfield>
    </datafield>
    <datafield tag="505" ind1=" " ind2=" ">
      <subfield code="a">Contenido del CD-ROM: Serie de problemas y ejercicios (incluyendo sus respuestas) de sistemas de ecuaciones lineales, matrices, determinantes, espacios vectoriales, espacio euclídeo, diagonalización de matrices, matrices definidas, espacios y matrices complejas, aplicaciones lineales y álgebra lineal numérica</subfield>
    </datafield>
    <datafield tag="650" ind1=" " ind2=" ">
      <subfield code="a"> ALGEBRA LINEAL</subfield>
    </datafield>
    <datafield tag="942" ind1=" " ind2=" ">
      <subfield code="c">BK</subfield>
    </datafield>
    <datafield tag="952" ind1=" " ind2=" ">
      <subfield code="a">BIB_RECT</subfield>
      <subfield code="b">BIB_UARG</subfield>
      <subfield code="d">2010-03-02</subfield>
      <subfield code="y">BK</subfield>
      <subfield code="p">05-38789</subfield>
      <subfield code="i">05-38789</subfield>
      <subfield code="g">113</subfield>
      <subfield code="o">512.64 A394a2</subfield>
      <subfield code="e">Compra SIUNPA/09</subfield>
      <subfield code="8">CG</subfield>
    </datafield>
    <datafield tag="952" ind1=" " ind2=" ">
      <subfield code="a">BIB_RECT</subfield>
      <subfield code="b">BIB_UARG</subfield>
      <subfield code="d">2010-03-02</subfield>
      <subfield code="y">BK</subfield>
      <subfield code="p">05-38790</subfield>
      <subfield code="i">05-38790</subfield>
      <subfield code="g">113</subfield>
      <subfield code="o">512.64 A394a2</subfield>
      <subfield code="e">Compra SIUNPA/09</subfield>
      <subfield code="8">CG</subfield>
    </datafield>
    <datafield tag="952" ind1=" " ind2=" ">
      <subfield code="a">BIB_RECT</subfield>
      <subfield code="b">BIB_UARG</subfield>
      <subfield code="d">2010-03-02</subfield>
      <subfield code="y">BK</subfield>
      <subfield code="p">05-38791</subfield>
      <subfield code="i">05-38791</subfield>
      <subfield code="g">113</subfield>
      <subfield code="o">512.64 A394a2</subfield>
      <subfield code="e">Compra SIUNPA/09</subfield>
      <subfield code="8">CG</subfield>
    </datafield>
  </record>