
  <record>
    <leader>01000aam  22002601a 4500</leader>
    <controlfield tag="001">YPZ92410</controlfield>
    <controlfield tag="003">YPZ</controlfield>
    <controlfield tag="005">201003041531270</controlfield>
    <controlfield tag="008">100304|###########||||||b||||||||||spa|d</controlfield>
    <datafield tag="020" ind1=" " ind2=" ">
      <subfield code="a">9789871283781</subfield>
    </datafield>
    <datafield tag="040" ind1=" " ind2=" ">
      <subfield code="c">SIUNPA</subfield>
    </datafield>
    <datafield tag="041" ind1=" " ind2=" ">
      <subfield code="a">spa</subfield>
    </datafield>
    <datafield tag="044" ind1=" " ind2=" ">
      <subfield code="a">AR</subfield>
    </datafield>
    <datafield tag="080" ind1=" " ind2=" ">
      <subfield code="a">930.85(7/8) H673h</subfield>
    </datafield>
    <datafield tag="245" ind1=" " ind2=" ">
      <subfield code="a">Historia de los intelectuales en América Latina</subfield>
      <subfield code="c"> / Altamirano, Carlos, dir.</subfield>
    </datafield>
    <datafield tag="250" ind1=" " ind2=" ">
      <subfield code="a">1a ed.</subfield>
    </datafield>
    <datafield tag="260" ind1=" " ind2=" ">
      <subfield code="a">Buenos Aires</subfield>
      <subfield code="b"> : Katz</subfield>
      <subfield code="c"> , 2008</subfield>
    </datafield>
    <datafield tag="310" ind1=" " ind2=" ">
      <subfield code="a">- SIGLO XX</subfield>
    </datafield>
    <datafield tag="440" ind1=" " ind2=" ">
      <subfield code="a">Tesis. Ensayo</subfield>
      <subfield code="a">Tesis. Ensayo</subfield>
      <subfield code="a">Energías renovables</subfield>
      <subfield code="a">Biblioteca Alfagrama</subfield>
      <subfield code="a">Guías prácticas</subfield>
      <subfield code="a">Temas. Ingeniería</subfield>
      <subfield code="a"/>
      <subfield code="a">Conocimiento</subfield>
      <subfield code="v">3042</subfield>
    </datafield>
    <datafield tag="490" ind1=" " ind2=" ">
      <subfield code="a">Tesis. Ensayo</subfield>
      <subfield code="a">Tesis. Ensayo</subfield>
      <subfield code="a">Energías renovables</subfield>
      <subfield code="a">Biblioteca Alfagrama</subfield>
      <subfield code="a">Guías prácticas</subfield>
      <subfield code="a">Temas. Ingeniería</subfield>
      <subfield code="a"/>
      <subfield code="a">Conocimiento</subfield>
      <subfield code="v">3042</subfield>
    </datafield>
    <datafield tag="500" ind1=" " ind2=" ">
      <subfield code="a">La biblioteca posee v.1</subfield>
    </datafield>
    <datafield tag="505" ind1=" " ind2=" ">
      <subfield code="a">Contenido: v.1. La ciudad letrada, de la conquista al modernismo, dirigido por Jorge Myers</subfield>
    </datafield>
    <datafield tag="650" ind1=" " ind2=" ">
      <subfield code="a"> INTELECTUALES</subfield>
    </datafield>
    <datafield tag="650" ind1=" " ind2=" ">
      <subfield code="a"> SOCIOLOGIA CULTURAL</subfield>
    </datafield>
    <datafield tag="650" ind1=" " ind2=" ">
      <subfield code="a"> AMERICA LATINA</subfield>
    </datafield>
    <datafield tag="650" ind1=" " ind2=" ">
      <subfield code="a"> SIGLO XVI</subfield>
    </datafield>
    <datafield tag="650" ind1=" " ind2=" ">
      <subfield code="a"> SIGLO XVII </subfield>
    </datafield>
    <datafield tag="650" ind1=" " ind2=" ">
      <subfield code="a"> SIGLO XVIII</subfield>
    </datafield>
    <datafield tag="942" ind1=" " ind2=" ">
      <subfield code="c">BK</subfield>
    </datafield>
    <datafield tag="952" ind1=" " ind2=" ">
      <subfield code="a">BIB_RECT</subfield>
      <subfield code="b">BIB_UARG</subfield>
      <subfield code="d">2010-03-04</subfield>
      <subfield code="y">BK</subfield>
      <subfield code="p">05-38817</subfield>
      <subfield code="i">05-38817</subfield>
      <subfield code="g">134</subfield>
      <subfield code="o">930.85(7/8) H673h</subfield>
      <subfield code="e">Compra SIUNPA/09</subfield>
      <subfield code="8">CG</subfield>
    </datafield>
    <datafield tag="952" ind1=" " ind2=" ">
      <subfield code="a">BIB_RECT</subfield>
      <subfield code="b">BIB_UARG</subfield>
      <subfield code="d">2013-08-07</subfield>
      <subfield code="y">BK</subfield>
      <subfield code="p">05-45155</subfield>
      <subfield code="i">05-45155</subfield>
      <subfield code="g">215</subfield>
      <subfield code="o">930.85(7/8) H673h</subfield>
      <subfield code="e">Compra SIUNPA</subfield>
      <subfield code="8">CG</subfield>
    </datafield>
  </record>