
  <record>
    <leader>01000aam  22002601a 4500</leader>
    <controlfield tag="001">YPZ92423</controlfield>
    <controlfield tag="003">YPZ</controlfield>
    <controlfield tag="005">201003051201130</controlfield>
    <controlfield tag="008">100305|###########||||||b||||||||||spa|d</controlfield>
    <datafield tag="020" ind1=" " ind2=" ">
      <subfield code="a">8446012677</subfield>
    </datafield>
    <datafield tag="040" ind1=" " ind2=" ">
      <subfield code="c">SIUNPA</subfield>
    </datafield>
    <datafield tag="041" ind1=" " ind2=" ">
      <subfield code="a">spa</subfield>
    </datafield>
    <datafield tag="044" ind1=" " ind2=" ">
      <subfield code="a">ES</subfield>
    </datafield>
    <datafield tag="080" ind1=" " ind2=" ">
      <subfield code="a">94(4) C712e</subfield>
    </datafield>
    <datafield tag="100" ind1=" " ind2=" ">
      <subfield code="a">Collins, Roger.</subfield>
    </datafield>
    <datafield tag="245" ind1=" " ind2=" ">
      <subfield code="a">La Europa de la alta edad media</subfield>
      <subfield code="b"> : 300-1000</subfield>
      <subfield code="c"> / Pérez Suárez, Carlos tr.</subfield>
    </datafield>
    <datafield tag="260" ind1=" " ind2=" ">
      <subfield code="a">Madrid</subfield>
      <subfield code="b"> : Akal</subfield>
      <subfield code="c"> , 2000</subfield>
    </datafield>
    <datafield tag="440" ind1=" " ind2=" ">
      <subfield code="a">Narrativa urgente</subfield>
      <subfield code="a">Sección de obras de Sociología</subfield>
      <subfield code="a">Colección ediciones especiales</subfield>
      <subfield code="a">Akal universitaria. Serie Historia medieval</subfield>
      <subfield code="v">210</subfield>
    </datafield>
    <datafield tag="490" ind1=" " ind2=" ">
      <subfield code="a">Narrativa urgente</subfield>
      <subfield code="a">Sección de obras de Sociología</subfield>
      <subfield code="a">Colección ediciones especiales</subfield>
      <subfield code="a">Akal universitaria. Serie Historia medieval</subfield>
      <subfield code="v">210</subfield>
    </datafield>
    <datafield tag="650" ind1=" " ind2=" ">
      <subfield code="a"> HISTORIA DE EUROPA</subfield>
    </datafield>
    <datafield tag="650" ind1=" " ind2=" ">
      <subfield code="a"> HISTORIA MEDIEVAL</subfield>
    </datafield>
    <datafield tag="650" ind1=" " ind2=" ">
      <subfield code="a"> EDAD MEDIA</subfield>
    </datafield>
    <datafield tag="942" ind1=" " ind2=" ">
      <subfield code="c">BK</subfield>
    </datafield>
    <datafield tag="952" ind1=" " ind2=" ">
      <subfield code="a">BIB_RECT</subfield>
      <subfield code="b">BIB_UARG</subfield>
      <subfield code="d">2010-03-05</subfield>
      <subfield code="y">BK</subfield>
      <subfield code="p">05-38838</subfield>
      <subfield code="i">05-38838</subfield>
      <subfield code="g">280</subfield>
      <subfield code="o">94(4) C712e</subfield>
      <subfield code="e">Compra SIUNPA/09</subfield>
      <subfield code="8">CG</subfield>
    </datafield>
  </record>