
  <record>
    <leader>01000aam  22002601a 4500</leader>
    <controlfield tag="001">YPZ92460</controlfield>
    <controlfield tag="003">YPZ</controlfield>
    <controlfield tag="005">201003111402090</controlfield>
    <controlfield tag="008">100311|###########||||||b||||||||||spa|d</controlfield>
    <datafield tag="040" ind1=" " ind2=" ">
      <subfield code="c">SIUNPA</subfield>
    </datafield>
    <datafield tag="041" ind1=" " ind2=" ">
      <subfield code="a">spa</subfield>
    </datafield>
    <datafield tag="044" ind1=" " ind2=" ">
      <subfield code="a">AR</subfield>
    </datafield>
    <datafield tag="080" ind1=" " ind2=" ">
      <subfield code="a">F308(82) I256p</subfield>
    </datafield>
    <datafield tag="100" ind1=" " ind2=" ">
      <subfield code="a">Iñigo Carrera, Nicolás.</subfield>
    </datafield>
    <datafield tag="700" ind1=" " ind2=" ">
      <subfield code="a">Podestá, Jorge.</subfield>
    </datafield>
    <datafield tag="245" ind1=" " ind2=" ">
      <subfield code="a">La población agrícola en la Argentina actual</subfield>
      <subfield code="b"> : aproximación al estado de la contradicción entre el campo y la ciudad</subfield>
    </datafield>
    <datafield tag="260" ind1=" " ind2=" ">
      <subfield code="a">Buenos Aires</subfield>
      <subfield code="b"> : Centro de Investigaciones en Ciencias Sociales</subfield>
      <subfield code="c"> , 1987</subfield>
    </datafield>
    <datafield tag="440" ind1=" " ind2=" ">
      <subfield code="a">Textos ameghianos. Biblioteca de la Fundación Ameghino</subfield>
      <subfield code="a">Textos ameghinianos</subfield>
      <subfield code="a">Cuadernos de CICSO. Serie estudios</subfield>
      <subfield code="v">no. 57</subfield>
    </datafield>
    <datafield tag="490" ind1=" " ind2=" ">
      <subfield code="a">Textos ameghianos. Biblioteca de la Fundación Ameghino</subfield>
      <subfield code="a">Textos ameghinianos</subfield>
      <subfield code="a">Cuadernos de CICSO. Serie estudios</subfield>
      <subfield code="v">no. 57</subfield>
    </datafield>
    <datafield tag="650" ind1=" " ind2=" ">
      <subfield code="a"> SOCIOGRAFIA</subfield>
    </datafield>
    <datafield tag="650" ind1=" " ind2=" ">
      <subfield code="a"> POBLACION RURAL</subfield>
    </datafield>
    <datafield tag="650" ind1=" " ind2=" ">
      <subfield code="a"> ARGENTINA</subfield>
    </datafield>
    <datafield tag="942" ind1=" " ind2=" ">
      <subfield code="c">BK</subfield>
    </datafield>
    <datafield tag="952" ind1=" " ind2=" ">
      <subfield code="a">BIB_RECT</subfield>
      <subfield code="b">BIB_UARG</subfield>
      <subfield code="d">2010-03-11</subfield>
      <subfield code="y">BK</subfield>
      <subfield code="p">05-38893</subfield>
      <subfield code="i">05-38893</subfield>
      <subfield code="g">20</subfield>
      <subfield code="o">F308(82) I256p</subfield>
      <subfield code="e">Donación Barbería, Elsa</subfield>
      <subfield code="8">CG</subfield>
    </datafield>
  </record>