
  <record>
    <leader>01000aam  22002601a 4500</leader>
    <controlfield tag="001">YPZ92477</controlfield>
    <controlfield tag="003">YPZ</controlfield>
    <controlfield tag="005">201003121509000</controlfield>
    <controlfield tag="008">100312|###########||||||b||||||||||spa|d</controlfield>
    <datafield tag="020" ind1=" " ind2=" ">
      <subfield code="a">9780471491422</subfield>
    </datafield>
    <datafield tag="040" ind1=" " ind2=" ">
      <subfield code="c">SIUNPA</subfield>
    </datafield>
    <datafield tag="041" ind1=" " ind2=" ">
      <subfield code="a">spa</subfield>
    </datafield>
    <datafield tag="044" ind1=" " ind2=" ">
      <subfield code="a">UK</subfield>
    </datafield>
    <datafield tag="080" ind1=" " ind2=" ">
      <subfield code="a">551.4 T671t</subfield>
    </datafield>
    <datafield tag="245" ind1=" " ind2=" ">
      <subfield code="a">Tools in fluvial geomorphology</subfield>
      <subfield code="c"> / Kondolf, G. Mathias, ed. ; Piégay, Hervé, ed.</subfield>
    </datafield>
    <datafield tag="260" ind1=" " ind2=" ">
      <subfield code="a">Chichester</subfield>
      <subfield code="b"> : Wiley</subfield>
      <subfield code="c"> , 2008</subfield>
    </datafield>
    <datafield tag="650" ind1=" " ind2=" ">
      <subfield code="a"> GEOMORFOLOGIA</subfield>
    </datafield>
    <datafield tag="942" ind1=" " ind2=" ">
      <subfield code="c">BK</subfield>
    </datafield>
    <datafield tag="952" ind1=" " ind2=" ">
      <subfield code="a">BIB_RECT</subfield>
      <subfield code="b">BIB_UART</subfield>
      <subfield code="d">2013-07-27</subfield>
      <subfield code="y">BK</subfield>
      <subfield code="p">03-45079</subfield>
      <subfield code="i">03-45079</subfield>
      <subfield code="g">2900</subfield>
      <subfield code="o">551.4 T671t</subfield>
      <subfield code="e">Compra SIUNPA</subfield>
      <subfield code="8">CG</subfield>
    </datafield>
    <datafield tag="952" ind1=" " ind2=" ">
      <subfield code="a">BIB_RECT</subfield>
      <subfield code="b">BIB_UART</subfield>
      <subfield code="d">2014-11-11</subfield>
      <subfield code="y">BK</subfield>
      <subfield code="p">03-46974</subfield>
      <subfield code="i">03-46974</subfield>
      <subfield code="g">4286</subfield>
      <subfield code="o">551.4 T671t</subfield>
      <subfield code="e">Compra SIUNPA</subfield>
      <subfield code="8">CG</subfield>
    </datafield>
    <datafield tag="952" ind1=" " ind2=" ">
      <subfield code="a">BIB_RECT</subfield>
      <subfield code="b">BIB_UARG</subfield>
      <subfield code="d">2010-03-12</subfield>
      <subfield code="y">BK</subfield>
      <subfield code="p">05-38247</subfield>
      <subfield code="i">05-38247</subfield>
      <subfield code="g">1175</subfield>
      <subfield code="o">551.4 T671t</subfield>
      <subfield code="e">Compra Rectorado</subfield>
      <subfield code="8">CG</subfield>
    </datafield>
  </record>