
  <record>
    <leader>01000aam  22002601a 4500</leader>
    <controlfield tag="001">YPZ92481</controlfield>
    <controlfield tag="003">YPZ</controlfield>
    <controlfield tag="005">201003121633260</controlfield>
    <controlfield tag="008">100312|###########||||||b||||||||||spa|d</controlfield>
    <datafield tag="020" ind1=" " ind2=" ">
      <subfield code="a">0471965707</subfield>
    </datafield>
    <datafield tag="040" ind1=" " ind2=" ">
      <subfield code="c">SIUNPA</subfield>
    </datafield>
    <datafield tag="041" ind1=" " ind2=" ">
      <subfield code="a">eng</subfield>
    </datafield>
    <datafield tag="044" ind1=" " ind2=" ">
      <subfield code="a">UK</subfield>
    </datafield>
    <datafield tag="080" ind1=" " ind2=" ">
      <subfield code="a">551.435.32 H236h</subfield>
    </datafield>
    <datafield tag="245" ind1=" " ind2=" ">
      <subfield code="a">Handbook of beach and shoreface morphodynamics</subfield>
      <subfield code="c"> / Short, Andrew D., ed.</subfield>
    </datafield>
    <datafield tag="260" ind1=" " ind2=" ">
      <subfield code="a">Chichester</subfield>
      <subfield code="b"> : Wiley</subfield>
      <subfield code="c"> , 1999</subfield>
    </datafield>
    <datafield tag="650" ind1=" " ind2=" ">
      <subfield code="a"> PLAYAS  COSTAS</subfield>
    </datafield>
    <datafield tag="650" ind1=" " ind2=" ">
      <subfield code="a"> OCEANOGRAFIA DINAMICA</subfield>
    </datafield>
    <datafield tag="650" ind1=" " ind2=" ">
      <subfield code="a"> REGIONES COSTERAS</subfield>
    </datafield>
    <datafield tag="650" ind1=" " ind2=" ">
      <subfield code="a"> AUSTRALIA</subfield>
    </datafield>
    <datafield tag="942" ind1=" " ind2=" ">
      <subfield code="c">BK</subfield>
    </datafield>
    <datafield tag="952" ind1=" " ind2=" ">
      <subfield code="a">BIB_RECT</subfield>
      <subfield code="b">BIB_UARG</subfield>
      <subfield code="d">2010-03-12</subfield>
      <subfield code="y">BK</subfield>
      <subfield code="p">05-38254</subfield>
      <subfield code="i">05-38254</subfield>
      <subfield code="g">1259</subfield>
      <subfield code="o">551.435.32 H236h</subfield>
      <subfield code="e">Compra Rectorado</subfield>
      <subfield code="8">CG</subfield>
    </datafield>
  </record>