
  <record>
    <leader>01000aam  22002601a 4500</leader>
    <controlfield tag="001">YPZ92531</controlfield>
    <controlfield tag="003">YPZ</controlfield>
    <controlfield tag="005">201003171636500</controlfield>
    <controlfield tag="008">100317|###########||||||b||||||||||spa|d</controlfield>
    <datafield tag="040" ind1=" " ind2=" ">
      <subfield code="c">SIUNPA</subfield>
    </datafield>
    <datafield tag="041" ind1=" " ind2=" ">
      <subfield code="a">spa</subfield>
    </datafield>
    <datafield tag="044" ind1=" " ind2=" ">
      <subfield code="a">AR</subfield>
    </datafield>
    <datafield tag="080" ind1=" " ind2=" ">
      <subfield code="a">581.9(828) F632f</subfield>
    </datafield>
    <datafield tag="245" ind1=" " ind2=" ">
      <subfield code="a">Flora patagónica</subfield>
      <subfield code="c"> / Correa, Maevia Noemí, dir.</subfield>
    </datafield>
    <datafield tag="260" ind1=" " ind2=" ">
      <subfield code="a">Buenos Aires</subfield>
      <subfield code="b"> : INTA</subfield>
      <subfield code="c"> , 1969-</subfield>
    </datafield>
    <datafield tag="440" ind1=" " ind2=" ">
      <subfield code="a">Colección científica del INTA</subfield>
      <subfield code="v">t. 8</subfield>
    </datafield>
    <datafield tag="490" ind1=" " ind2=" ">
      <subfield code="a">Colección científica del INTA</subfield>
      <subfield code="v">t. 8</subfield>
    </datafield>
    <datafield tag="505" ind1=" " ind2=" ">
      <subfield code="a">Contenido: Parte I. Generalidades - Parte II. Typhaceae a Orchidaceae (excepto Graminae) - Parte III. Gramineae - Parte IVa. Dicotyledones dialipétalas (Salicaceae a Crucíferae) - Parte IVb. Dicotyledones dialipétalas (Droseraceae a Leguminosae) - Parte V. Dicotyledones dialipétalas (Oxalidaceae a cornaceae) - Parte VII. Compositae</subfield>
    </datafield>
    <datafield tag="650" ind1=" " ind2=" ">
      <subfield code="a"> FLORA</subfield>
    </datafield>
    <datafield tag="650" ind1=" " ind2=" ">
      <subfield code="a"> REGION PATAGONICA</subfield>
    </datafield>
    <datafield tag="942" ind1=" " ind2=" ">
      <subfield code="c">BK</subfield>
    </datafield>
    <datafield tag="952" ind1=" " ind2=" ">
      <subfield code="a">BIB_RECT</subfield>
      <subfield code="b">BIB_UART</subfield>
      <subfield code="d">2010-03-17</subfield>
      <subfield code="y">BK</subfield>
      <subfield code="p">03-33592</subfield>
      <subfield code="i">03-33592</subfield>
      <subfield code="g">42.5</subfield>
      <subfield code="o">581.9(828) F632f</subfield>
      <subfield code="e">SIUNPA</subfield>
      <subfield code="8">CG</subfield>
    </datafield>
    <datafield tag="952" ind1=" " ind2=" ">
      <subfield code="a">BIB_RECT</subfield>
      <subfield code="b">BIB_UART</subfield>
      <subfield code="d">2010-03-17</subfield>
      <subfield code="y">BK</subfield>
      <subfield code="p">03-33593</subfield>
      <subfield code="i">03-33593</subfield>
      <subfield code="g">42.5</subfield>
      <subfield code="o">581.9(828) F632f</subfield>
      <subfield code="e">SIUNPA</subfield>
      <subfield code="8">CG</subfield>
    </datafield>
    <datafield tag="952" ind1=" " ind2=" ">
      <subfield code="a">BIB_RECT</subfield>
      <subfield code="b">BIB_UART</subfield>
      <subfield code="d">2010-03-17</subfield>
      <subfield code="y">BK</subfield>
      <subfield code="p">03-33594</subfield>
      <subfield code="i">03-33594</subfield>
      <subfield code="g">60</subfield>
      <subfield code="o">581.9(828) F632f</subfield>
      <subfield code="e">SIUNPA</subfield>
      <subfield code="8">CG</subfield>
    </datafield>
    <datafield tag="952" ind1=" " ind2=" ">
      <subfield code="a">BIB_RECT</subfield>
      <subfield code="b">BIB_UART</subfield>
      <subfield code="d">2010-03-17</subfield>
      <subfield code="y">BK</subfield>
      <subfield code="p">03-33595</subfield>
      <subfield code="i">03-33595</subfield>
      <subfield code="g">42.5</subfield>
      <subfield code="o">581.9(828) F632f</subfield>
      <subfield code="e">SIUNPA</subfield>
      <subfield code="8">CG</subfield>
    </datafield>
    <datafield tag="952" ind1=" " ind2=" ">
      <subfield code="a">BIB_RECT</subfield>
      <subfield code="b">BIB_UART</subfield>
      <subfield code="d">2010-03-17</subfield>
      <subfield code="y">BK</subfield>
      <subfield code="p">03-38913</subfield>
      <subfield code="i">03-38913</subfield>
      <subfield code="g">60</subfield>
      <subfield code="o">581.9(828) F632f</subfield>
      <subfield code="e">Donación Spina</subfield>
      <subfield code="8">CG</subfield>
    </datafield>
    <datafield tag="952" ind1=" " ind2=" ">
      <subfield code="a">BIB_RECT</subfield>
      <subfield code="b">BIB_UARG</subfield>
      <subfield code="d">2010-03-17</subfield>
      <subfield code="y">BK</subfield>
      <subfield code="p">05-09858</subfield>
      <subfield code="i">05-09858</subfield>
      <subfield code="g">60</subfield>
      <subfield code="o">581.9(828) F632f</subfield>
      <subfield code="e">CONTRIB.EST./95</subfield>
      <subfield code="8">CG</subfield>
    </datafield>
    <datafield tag="952" ind1=" " ind2=" ">
      <subfield code="a">BIB_RECT</subfield>
      <subfield code="b">BIB_UARG</subfield>
      <subfield code="d">2010-03-17</subfield>
      <subfield code="y">BK</subfield>
      <subfield code="p">05-09859</subfield>
      <subfield code="i">05-09859</subfield>
      <subfield code="g">42.5</subfield>
      <subfield code="o">581.9(828) F632f</subfield>
      <subfield code="e">CONTRIB. EST./95</subfield>
      <subfield code="8">CG</subfield>
    </datafield>
    <datafield tag="952" ind1=" " ind2=" ">
      <subfield code="a">BIB_RECT</subfield>
      <subfield code="b">BIB_UARG</subfield>
      <subfield code="d">2010-03-17</subfield>
      <subfield code="y">BK</subfield>
      <subfield code="p">05-09860</subfield>
      <subfield code="i">05-09860</subfield>
      <subfield code="g">60</subfield>
      <subfield code="o">581.9(828) F632f</subfield>
      <subfield code="e">CONTRIB. EST./95</subfield>
      <subfield code="8">CG</subfield>
    </datafield>
    <datafield tag="952" ind1=" " ind2=" ">
      <subfield code="a">BIB_RECT</subfield>
      <subfield code="b">BIB_UARG</subfield>
      <subfield code="d">2010-03-17</subfield>
      <subfield code="y">BK</subfield>
      <subfield code="p">05-09861</subfield>
      <subfield code="i">05-09861</subfield>
      <subfield code="g">60</subfield>
      <subfield code="o">581.9(828) F632f</subfield>
      <subfield code="e">CONTRIB.EST./95</subfield>
      <subfield code="8">CG</subfield>
    </datafield>
    <datafield tag="952" ind1=" " ind2=" ">
      <subfield code="a">BIB_RECT</subfield>
      <subfield code="b">BIB_UARG</subfield>
      <subfield code="d">2010-03-17</subfield>
      <subfield code="y">BK</subfield>
      <subfield code="p">05-09862</subfield>
      <subfield code="i">05-09862</subfield>
      <subfield code="g">42.5</subfield>
      <subfield code="o">581.9(828) F632f</subfield>
      <subfield code="e">CONTRIB.EST./95</subfield>
      <subfield code="8">CG</subfield>
    </datafield>
    <datafield tag="952" ind1=" " ind2=" ">
      <subfield code="a">BIB_RECT</subfield>
      <subfield code="b">BIB_UARG</subfield>
      <subfield code="d">2010-05-05</subfield>
      <subfield code="y">BK</subfield>
      <subfield code="p">05-39274</subfield>
      <subfield code="i">05-39274</subfield>
      <subfield code="g">70</subfield>
      <subfield code="o">581.9(828) F632f</subfield>
      <subfield code="e">Donación Spina</subfield>
      <subfield code="8">CG</subfield>
    </datafield>
  </record>