
  <record>
    <leader>01000aam  22002601a 4500</leader>
    <controlfield tag="001">YPZ92553</controlfield>
    <controlfield tag="003">YPZ</controlfield>
    <controlfield tag="005">201003191419240</controlfield>
    <controlfield tag="008">100319|###########||||||b||||||||||spa|d</controlfield>
    <datafield tag="020" ind1=" " ind2=" ">
      <subfield code="a">9789871489114</subfield>
    </datafield>
    <datafield tag="040" ind1=" " ind2=" ">
      <subfield code="c">SIUNPA</subfield>
    </datafield>
    <datafield tag="041" ind1=" " ind2=" ">
      <subfield code="a">spa</subfield>
    </datafield>
    <datafield tag="044" ind1=" " ind2=" ">
      <subfield code="a">AR</subfield>
    </datafield>
    <datafield tag="080" ind1=" " ind2=" ">
      <subfield code="a">81:1 V929m</subfield>
    </datafield>
    <datafield tag="100" ind1=" " ind2=" ">
      <subfield code="a">Volóshinov, Valentín Nikólaievich.</subfield>
    </datafield>
    <datafield tag="245" ind1=" " ind2=" ">
      <subfield code="a">El marxismo y la filosofía del lenguaje</subfield>
      <subfield code="b"> : los principales problemas del método sociológico en la ciencia del lenguaje</subfield>
      <subfield code="c"> / Bubnova, Tatiana, pról. y tr.</subfield>
    </datafield>
    <datafield tag="250" ind1=" " ind2=" ">
      <subfield code="a">1a ed.</subfield>
    </datafield>
    <datafield tag="260" ind1=" " ind2=" ">
      <subfield code="a">Buenos Aires</subfield>
      <subfield code="b"> : Godot</subfield>
      <subfield code="c"> , 2009</subfield>
    </datafield>
    <datafield tag="500" ind1=" " ind2=" ">
      <subfield code="a">Este legendario libro fue publicado en ruso en 1929. Apareció por primera vez en lengua española en 1976, traducido del inglés, en la Argentina, en los momentos aciagos para la cultura. Exhibir en la portada la palabra 'marxismo' era impensable, y los editores encontraron una buena salida, sin traicionar en absoluto el espíritu del libro: 'El signo ideológico y la filosofía del lenguaje'. El problema central de este legado, como ha sido reconocido, es el contexto de la producción de los textos, escritos durante un período histórico determinado y destinados a su tiempo, pero luego extraviados por diversas razones, y el contexto de la recepción, sobre todo fuera de su país y muchos años después, recepción de acuerdo con los problemas de al época, lo que genera lecturas múltiples.(Nota ed.)</subfield>
    </datafield>
    <datafield tag="650" ind1=" " ind2=" ">
      <subfield code="a"> FILOSOFIA DEL LENGUAJE</subfield>
    </datafield>
    <datafield tag="650" ind1=" " ind2=" ">
      <subfield code="a"> MARXISMO</subfield>
    </datafield>
    <datafield tag="942" ind1=" " ind2=" ">
      <subfield code="c">BK</subfield>
    </datafield>
    <datafield tag="952" ind1=" " ind2=" ">
      <subfield code="a">BIB_RECT</subfield>
      <subfield code="b">BIB_UARG</subfield>
      <subfield code="d">2010-03-16</subfield>
      <subfield code="y">BK</subfield>
      <subfield code="p">05-39060</subfield>
      <subfield code="i">05-39060</subfield>
      <subfield code="g">75</subfield>
      <subfield code="o">81:1 V929m</subfield>
      <subfield code="e">Compra SIUNPA/09</subfield>
      <subfield code="8">CG</subfield>
    </datafield>
    <datafield tag="952" ind1=" " ind2=" ">
      <subfield code="a">BIB_RECT</subfield>
      <subfield code="b">BIB_UASJ</subfield>
      <subfield code="d">2010-03-16</subfield>
      <subfield code="y">BK</subfield>
      <subfield code="p">05-39061</subfield>
      <subfield code="i">05-39061</subfield>
      <subfield code="g">75</subfield>
      <subfield code="o">81:1 V929m</subfield>
      <subfield code="e">Compra SIUNPA/09</subfield>
      <subfield code="8">CG</subfield>
    </datafield>
    <datafield tag="952" ind1=" " ind2=" ">
      <subfield code="a">BIB_RECT</subfield>
      <subfield code="b">BIB_UARG</subfield>
      <subfield code="d">2010-03-16</subfield>
      <subfield code="y">BK</subfield>
      <subfield code="p">05-39062</subfield>
      <subfield code="i">05-39062</subfield>
      <subfield code="g">75</subfield>
      <subfield code="o">81:1 V929m</subfield>
      <subfield code="e">Compra SIUNPA/09</subfield>
      <subfield code="8">CG</subfield>
    </datafield>
    <datafield tag="952" ind1=" " ind2=" ">
      <subfield code="a">BIB_RECT</subfield>
      <subfield code="b">BIB_UARG</subfield>
      <subfield code="d">2010-03-16</subfield>
      <subfield code="y">BK</subfield>
      <subfield code="p">05-39063</subfield>
      <subfield code="i">05-39063</subfield>
      <subfield code="g">75</subfield>
      <subfield code="o">81:1 V929m</subfield>
      <subfield code="e">Compra SIUNPA/09</subfield>
      <subfield code="8">CG</subfield>
    </datafield>
  </record>