
  <record>
    <leader>01000aam  22002601a 4500</leader>
    <controlfield tag="001">YPZ92554</controlfield>
    <controlfield tag="003">YPZ</controlfield>
    <controlfield tag="005">201003191419470</controlfield>
    <controlfield tag="008">100319|###########||||||b||||||||||spa|d</controlfield>
    <datafield tag="040" ind1=" " ind2=" ">
      <subfield code="c">SIUNPA</subfield>
    </datafield>
    <datafield tag="041" ind1=" " ind2=" ">
      <subfield code="a">spa</subfield>
    </datafield>
    <datafield tag="044" ind1=" " ind2=" ">
      <subfield code="a">AR</subfield>
    </datafield>
    <datafield tag="080" ind1=" " ind2=" ">
      <subfield code="a">7(083.824) C334c</subfield>
    </datafield>
    <datafield tag="245" ind1=" " ind2=" ">
      <subfield code="a">La casa del artista</subfield>
    </datafield>
    <datafield tag="260" ind1=" " ind2=" ">
      <subfield code="a">Río Gallegos</subfield>
      <subfield code="b"> : Universidad Nacional de la Patagonia Austral, UNPA</subfield>
      <subfield code="b"> : Subsecretaría de Cultura del Gobierno de Santa Cruz</subfield>
      <subfield code="b"> : Complejo Cultural Santa Cruz</subfield>
      <subfield code="c"> , 2010</subfield>
    </datafield>
    <datafield tag="500" ind1=" " ind2=" ">
      <subfield code="a">Catálogo de la muestra realizada  en el Complejo Cultural, del 3 de diciembre de 2009 al 31 de marzo de 2010</subfield>
    </datafield>
    <datafield tag="650" ind1=" " ind2=" ">
      <subfield code="a"> ARTES PLASTICAS</subfield>
    </datafield>
    <datafield tag="650" ind1=" " ind2=" ">
      <subfield code="a"> ARTE CONTEMPORANEO</subfield>
    </datafield>
    <datafield tag="650" ind1=" " ind2=" ">
      <subfield code="a"> CATALOGOS DE EXPOSICIONES</subfield>
    </datafield>
    <datafield tag="650" ind1=" " ind2=" ">
      <subfield code="a"> SANTA CRUZ (ARGENTINA)</subfield>
    </datafield>
    <datafield tag="942" ind1=" " ind2=" ">
      <subfield code="c">BK</subfield>
    </datafield>
    <datafield tag="952" ind1=" " ind2=" ">
      <subfield code="a">BIB_RECT</subfield>
      <subfield code="b">BIB_UACO</subfield>
      <subfield code="d">2010-03-31</subfield>
      <subfield code="y">BK</subfield>
      <subfield code="p">02-39223</subfield>
      <subfield code="i">02-39223</subfield>
      <subfield code="g">39</subfield>
      <subfield code="o">7(083.824) C334c</subfield>
      <subfield code="e">UNPA / Complejo Cultural</subfield>
      <subfield code="8">CG</subfield>
    </datafield>
    <datafield tag="952" ind1=" " ind2=" ">
      <subfield code="a">BIB_RECT</subfield>
      <subfield code="b">BIB_UART</subfield>
      <subfield code="d">2010-03-31</subfield>
      <subfield code="y">BK</subfield>
      <subfield code="p">03-39224</subfield>
      <subfield code="i">03-39224</subfield>
      <subfield code="g">39</subfield>
      <subfield code="o">7(083.824) C334c</subfield>
      <subfield code="e">UNPA / Complejo Cultural</subfield>
      <subfield code="8">CG</subfield>
    </datafield>
    <datafield tag="952" ind1=" " ind2=" ">
      <subfield code="a">BIB_RECT</subfield>
      <subfield code="b">BIB_UASJ</subfield>
      <subfield code="d">2010-03-31</subfield>
      <subfield code="y">BK</subfield>
      <subfield code="p">04-39222</subfield>
      <subfield code="i">04-39222</subfield>
      <subfield code="g">39</subfield>
      <subfield code="o">7(083.824) C334c</subfield>
      <subfield code="e">UNPA / Complejo Cultural</subfield>
      <subfield code="8">CG</subfield>
    </datafield>
    <datafield tag="952" ind1=" " ind2=" ">
      <subfield code="a">BIB_RECT</subfield>
      <subfield code="b">BIB_UASJ</subfield>
      <subfield code="d">2010-08-24</subfield>
      <subfield code="y">BK</subfield>
      <subfield code="p">04-39679</subfield>
      <subfield code="i">04-39679</subfield>
      <subfield code="g">39</subfield>
      <subfield code="o">7(083.824) C334c</subfield>
      <subfield code="e">PI 29/D023</subfield>
      <subfield code="8">CG</subfield>
    </datafield>
    <datafield tag="952" ind1=" " ind2=" ">
      <subfield code="a">BIB_RECT</subfield>
      <subfield code="b">BIB_UASJ</subfield>
      <subfield code="d">2014-06-09</subfield>
      <subfield code="y">BK</subfield>
      <subfield code="p">04-46216</subfield>
      <subfield code="i">04-46216</subfield>
      <subfield code="g">35</subfield>
      <subfield code="o">7(083.824) C334c</subfield>
      <subfield code="e">UASJ</subfield>
      <subfield code="8">CG</subfield>
    </datafield>
    <datafield tag="952" ind1=" " ind2=" ">
      <subfield code="a">BIB_RECT</subfield>
      <subfield code="b">BIB_UARG</subfield>
      <subfield code="d">2010-03-19</subfield>
      <subfield code="y">BK</subfield>
      <subfield code="p">05-38830</subfield>
      <subfield code="i">05-38830</subfield>
      <subfield code="g">39</subfield>
      <subfield code="o">7(083.824) C334c</subfield>
      <subfield code="e">UNPA / Complejo Cultural</subfield>
      <subfield code="8">CG</subfield>
    </datafield>
  </record>