
  <record>
    <leader>01000aam  22002601a 4500</leader>
    <controlfield tag="001">YPZ92571</controlfield>
    <controlfield tag="003">YPZ</controlfield>
    <controlfield tag="005">201003261425550</controlfield>
    <controlfield tag="008">100326|###########||||||b||||||||||spa|d</controlfield>
    <datafield tag="020" ind1=" " ind2=" ">
      <subfield code="a">9871240023</subfield>
    </datafield>
    <datafield tag="040" ind1=" " ind2=" ">
      <subfield code="c">SIUNPA</subfield>
    </datafield>
    <datafield tag="041" ind1=" " ind2=" ">
      <subfield code="a">spa</subfield>
    </datafield>
    <datafield tag="044" ind1=" " ind2=" ">
      <subfield code="a">AR</subfield>
    </datafield>
    <datafield tag="080" ind1=" " ind2=" ">
      <subfield code="a">821.14'02.09 S587c</subfield>
    </datafield>
    <datafield tag="100" ind1=" " ind2=" ">
      <subfield code="a">Silvestri, Leonor.</subfield>
    </datafield>
    <datafield tag="245" ind1=" " ind2=" ">
      <subfield code="a">Catulo</subfield>
      <subfield code="b"> : poemas. Una introducción crítica</subfield>
    </datafield>
    <datafield tag="260" ind1=" " ind2=" ">
      <subfield code="a">Buenos Aires</subfield>
      <subfield code="b"> : Santiago Arcos, ed.</subfield>
      <subfield code="c"> , 2005</subfield>
    </datafield>
    <datafield tag="440" ind1=" " ind2=" ">
      <subfield code="a">Serie Educación</subfield>
      <subfield code="a">Visión 3x</subfield>
      <subfield code="a">Para leer. Clásicos</subfield>
      <subfield code="v">8</subfield>
    </datafield>
    <datafield tag="490" ind1=" " ind2=" ">
      <subfield code="a">Serie Educación</subfield>
      <subfield code="a">Visión 3x</subfield>
      <subfield code="a">Para leer. Clásicos</subfield>
      <subfield code="v">8</subfield>
    </datafield>
    <datafield tag="650" ind1=" " ind2=" ">
      <subfield code="a"> LITERATURA LATINA</subfield>
    </datafield>
    <datafield tag="650" ind1=" " ind2=" ">
      <subfield code="a"> CRITICA LITERARIA</subfield>
    </datafield>
    <datafield tag="650" ind1=" " ind2=" ">
      <subfield code="a"> CATULO (84 AC</subfield>
    </datafield>
    <datafield tag="650" ind1=" " ind2=" ">
      <subfield code="a">54 ac)</subfield>
    </datafield>
    <datafield tag="650" ind1=" " ind2=" ">
      <subfield code="a"> POESIA</subfield>
    </datafield>
    <datafield tag="942" ind1=" " ind2=" ">
      <subfield code="c">BK</subfield>
    </datafield>
    <datafield tag="952" ind1=" " ind2=" ">
      <subfield code="a">BIB_RECT</subfield>
      <subfield code="b">BIB_UARG</subfield>
      <subfield code="d">2010-03-16</subfield>
      <subfield code="y">BK</subfield>
      <subfield code="p">05-38990</subfield>
      <subfield code="i">05-38990</subfield>
      <subfield code="g">26</subfield>
      <subfield code="o">821.14'02.09 S587c</subfield>
      <subfield code="e">Compra SIUNPA/09</subfield>
      <subfield code="8">CG</subfield>
    </datafield>
    <datafield tag="952" ind1=" " ind2=" ">
      <subfield code="a">BIB_RECT</subfield>
      <subfield code="b">BIB_UARG</subfield>
      <subfield code="d">2010-03-16</subfield>
      <subfield code="y">BK</subfield>
      <subfield code="p">05-38991</subfield>
      <subfield code="i">05-38991</subfield>
      <subfield code="g">26</subfield>
      <subfield code="o">821.14'02.09 S587c</subfield>
      <subfield code="e">Compra SIUNPA/09</subfield>
      <subfield code="8">CG</subfield>
    </datafield>
  </record>