
  <record>
    <leader>01000aam  22002601a 4500</leader>
    <controlfield tag="001">YPZ92597</controlfield>
    <controlfield tag="003">YPZ</controlfield>
    <controlfield tag="005">201003311702380</controlfield>
    <controlfield tag="008">100331|###########||||||b||||||||||spa|d</controlfield>
    <datafield tag="020" ind1=" " ind2=" ">
      <subfield code="a">9789505180523</subfield>
    </datafield>
    <datafield tag="040" ind1=" " ind2=" ">
      <subfield code="c">SIUNPA</subfield>
    </datafield>
    <datafield tag="041" ind1=" " ind2=" ">
      <subfield code="a">spa</subfield>
    </datafield>
    <datafield tag="044" ind1=" " ind2=" ">
      <subfield code="a">AR</subfield>
    </datafield>
    <datafield tag="080" ind1=" " ind2=" ">
      <subfield code="a">316.354 L892a</subfield>
    </datafield>
    <datafield tag="100" ind1=" " ind2=" ">
      <subfield code="a">Lourau, René.</subfield>
    </datafield>
    <datafield tag="245" ind1=" " ind2=" ">
      <subfield code="a">El análisis institucional</subfield>
      <subfield code="c"> / Fiorito de Labrune, Noemí, tr. ; Bignami, Amadeo A., revisión</subfield>
    </datafield>
    <datafield tag="250" ind1=" " ind2=" ">
      <subfield code="a">1a ed., 5a reimpr.</subfield>
    </datafield>
    <datafield tag="260" ind1=" " ind2=" ">
      <subfield code="a">Buenos Aires</subfield>
      <subfield code="b"> : Amorrortu</subfield>
      <subfield code="c"> , 2007</subfield>
    </datafield>
    <datafield tag="650" ind1=" " ind2=" ">
      <subfield code="a"> PSICOLOGIA SOCIAL</subfield>
    </datafield>
    <datafield tag="650" ind1=" " ind2=" ">
      <subfield code="a"> PSICOLOGIA DE LAS ORGANIZACIONES</subfield>
    </datafield>
    <datafield tag="650" ind1=" " ind2=" ">
      <subfield code="a"> SOCIOLOGIA DE LAS ORGANIZACIONES</subfield>
    </datafield>
    <datafield tag="942" ind1=" " ind2=" ">
      <subfield code="c">BK</subfield>
    </datafield>
    <datafield tag="952" ind1=" " ind2=" ">
      <subfield code="a">BIB_RECT</subfield>
      <subfield code="b">BIB_UARG</subfield>
      <subfield code="d">2010-04-05</subfield>
      <subfield code="y">BK</subfield>
      <subfield code="p">05-39237</subfield>
      <subfield code="i">05-39237</subfield>
      <subfield code="g">51.8</subfield>
      <subfield code="o">316.354 L892a</subfield>
      <subfield code="e">Compra SIUNPA/09</subfield>
      <subfield code="8">CG</subfield>
    </datafield>
    <datafield tag="952" ind1=" " ind2=" ">
      <subfield code="a">BIB_RECT</subfield>
      <subfield code="b">BIB_UARG</subfield>
      <subfield code="d">2010-04-05</subfield>
      <subfield code="y">BK</subfield>
      <subfield code="p">05-39238</subfield>
      <subfield code="i">05-39238</subfield>
      <subfield code="g">51.8</subfield>
      <subfield code="o">316.354 L892a</subfield>
      <subfield code="e">Compra SIUNPA/09</subfield>
      <subfield code="8">CG</subfield>
    </datafield>
    <datafield tag="952" ind1=" " ind2=" ">
      <subfield code="a">BIB_RECT</subfield>
      <subfield code="b">BIB_UARG</subfield>
      <subfield code="d">2010-04-05</subfield>
      <subfield code="y">BK</subfield>
      <subfield code="p">05-39239</subfield>
      <subfield code="i">05-39239</subfield>
      <subfield code="g">51.8</subfield>
      <subfield code="o">316.354 L892a</subfield>
      <subfield code="e">Compra SIUNPA/09</subfield>
      <subfield code="8">CG</subfield>
    </datafield>
    <datafield tag="952" ind1=" " ind2=" ">
      <subfield code="a">BIB_RECT</subfield>
      <subfield code="b">BIB_UARG</subfield>
      <subfield code="d">2010-04-05</subfield>
      <subfield code="y">BK</subfield>
      <subfield code="p">05-39240</subfield>
      <subfield code="i">05-39240</subfield>
      <subfield code="g">51.8</subfield>
      <subfield code="o">316.354 L892a</subfield>
      <subfield code="e">Compra SIUNPA/09</subfield>
      <subfield code="8">CG</subfield>
    </datafield>
    <datafield tag="952" ind1=" " ind2=" ">
      <subfield code="a">BIB_RECT</subfield>
      <subfield code="b">BIB_UARG</subfield>
      <subfield code="d">2010-04-05</subfield>
      <subfield code="y">BK</subfield>
      <subfield code="p">05-39241</subfield>
      <subfield code="i">05-39241</subfield>
      <subfield code="g">51.8</subfield>
      <subfield code="o">316.354 L892a</subfield>
      <subfield code="e">Compra SIUNPA/09</subfield>
      <subfield code="8">CG</subfield>
    </datafield>
  </record>