
  <record>
    <leader>01000aam  22002601a 4500</leader>
    <controlfield tag="001">YPZ92604</controlfield>
    <controlfield tag="003">YPZ</controlfield>
    <controlfield tag="005">201004051800480</controlfield>
    <controlfield tag="008">100405|###########||||||b||||||||||spa|d</controlfield>
    <datafield tag="020" ind1=" " ind2=" ">
      <subfield code="a">8481880450</subfield>
    </datafield>
    <datafield tag="040" ind1=" " ind2=" ">
      <subfield code="c">SIUNPA</subfield>
    </datafield>
    <datafield tag="041" ind1=" " ind2=" ">
      <subfield code="a">spa</subfield>
    </datafield>
    <datafield tag="044" ind1=" " ind2=" ">
      <subfield code="a">ES</subfield>
    </datafield>
    <datafield tag="080" ind1=" " ind2=" ">
      <subfield code="a">338.45 F363c</subfield>
    </datafield>
    <datafield tag="100" ind1=" " ind2=" ">
      <subfield code="a">Fernández Steinko, Armando.</subfield>
    </datafield>
    <datafield tag="245" ind1=" " ind2=" ">
      <subfield code="a">Continuidad y ruptura en la modernización industrial de España</subfield>
      <subfield code="b"> : el sector de la maquinaria mecánica</subfield>
    </datafield>
    <datafield tag="250" ind1=" " ind2=" ">
      <subfield code="a">1a ed.</subfield>
    </datafield>
    <datafield tag="260" ind1=" " ind2=" ">
      <subfield code="a">Madrid</subfield>
      <subfield code="b"> : Consejo Económico y Social</subfield>
      <subfield code="c"> , 1997</subfield>
    </datafield>
    <datafield tag="440" ind1=" " ind2=" ">
      <subfield code="a">Divulgación. Historia</subfield>
      <subfield code="a">Colección claves</subfield>
      <subfield code="a">Colección recursos didácticos</subfield>
      <subfield code="a">Sociología / Amorrortu</subfield>
      <subfield code="a">Colección Ciencias Sociales / Espacio</subfield>
      <subfield code="a">Colección claves</subfield>
      <subfield code="a">Colección estudios / CES</subfield>
      <subfield code="v">no.36</subfield>
    </datafield>
    <datafield tag="490" ind1=" " ind2=" ">
      <subfield code="a">Divulgación. Historia</subfield>
      <subfield code="a">Colección claves</subfield>
      <subfield code="a">Colección recursos didácticos</subfield>
      <subfield code="a">Sociología / Amorrortu</subfield>
      <subfield code="a">Colección Ciencias Sociales / Espacio</subfield>
      <subfield code="a">Colección claves</subfield>
      <subfield code="a">Colección estudios / CES</subfield>
      <subfield code="v">no.36</subfield>
    </datafield>
    <datafield tag="650" ind1=" " ind2=" ">
      <subfield code="a"> ECONOMIA INDUSTRIAL</subfield>
    </datafield>
    <datafield tag="650" ind1=" " ind2=" ">
      <subfield code="a"> TRABAJADORES </subfield>
    </datafield>
    <datafield tag="650" ind1=" " ind2=" ">
      <subfield code="a"> TRABAJO</subfield>
    </datafield>
    <datafield tag="650" ind1=" " ind2=" ">
      <subfield code="a"> AUTOMATIZACION</subfield>
    </datafield>
    <datafield tag="650" ind1=" " ind2=" ">
      <subfield code="a"> NUEVAS TECNOLOGIAS</subfield>
    </datafield>
    <datafield tag="650" ind1=" " ind2=" ">
      <subfield code="a"> ESPAÑA</subfield>
    </datafield>
    <datafield tag="942" ind1=" " ind2=" ">
      <subfield code="c">BK</subfield>
    </datafield>
    <datafield tag="952" ind1=" " ind2=" ">
      <subfield code="a">BIB_RECT</subfield>
      <subfield code="b">BIB_UACO</subfield>
      <subfield code="d">2010-03-16</subfield>
      <subfield code="y">BK</subfield>
      <subfield code="p">02-39008</subfield>
      <subfield code="i">02-39008</subfield>
      <subfield code="g">60</subfield>
      <subfield code="o">338.45 F363c</subfield>
      <subfield code="e">Donación España y Cepal</subfield>
      <subfield code="8">CG</subfield>
    </datafield>
  </record>