
  <record>
    <leader>01000aam  22002601a 4500</leader>
    <controlfield tag="001">YPZ92642</controlfield>
    <controlfield tag="003">YPZ</controlfield>
    <controlfield tag="005">201004081900080</controlfield>
    <controlfield tag="008">100408|###########||||||b||||||||||spa|d</controlfield>
    <datafield tag="020" ind1=" " ind2=" ">
      <subfield code="a">9706330038</subfield>
    </datafield>
    <datafield tag="040" ind1=" " ind2=" ">
      <subfield code="c">SIUNPA</subfield>
    </datafield>
    <datafield tag="041" ind1=" " ind2=" ">
      <subfield code="a">spa</subfield>
    </datafield>
    <datafield tag="044" ind1=" " ind2=" ">
      <subfield code="a">MX</subfield>
    </datafield>
    <datafield tag="080" ind1=" " ind2=" ">
      <subfield code="a">159.964.2 D349r3</subfield>
    </datafield>
    <datafield tag="100" ind1=" " ind2=" ">
      <subfield code="a">Deleuze, Gilles.</subfield>
    </datafield>
    <datafield tag="700" ind1=" " ind2=" ">
      <subfield code="a">Guattari, Félix.</subfield>
    </datafield>
    <datafield tag="245" ind1=" " ind2=" ">
      <subfield code="a">Rizoma</subfield>
      <subfield code="b"> : introducción</subfield>
      <subfield code="c"> / Casillas, C., tr. ; Navarro, V., tr.</subfield>
    </datafield>
    <datafield tag="250" ind1=" " ind2=" ">
      <subfield code="a">3a ed.</subfield>
    </datafield>
    <datafield tag="260" ind1=" " ind2=" ">
      <subfield code="a">México, D.F.</subfield>
      <subfield code="b"> : Coyoacán</subfield>
      <subfield code="c"> , 2001</subfield>
    </datafield>
    <datafield tag="440" ind1=" " ind2=" ">
      <subfield code="a">Biblioteca de ciencias económicas. Serie Economía</subfield>
      <subfield code="a">Biblioteca financiera</subfield>
      <subfield code="a">Divulgación. Historia</subfield>
      <subfield code="a">Historia y Sociedad</subfield>
      <subfield code="a">Diálogo abierto. Psicología</subfield>
      <subfield code="v">13</subfield>
    </datafield>
    <datafield tag="490" ind1=" " ind2=" ">
      <subfield code="a">Biblioteca de ciencias económicas. Serie Economía</subfield>
      <subfield code="a">Biblioteca financiera</subfield>
      <subfield code="a">Divulgación. Historia</subfield>
      <subfield code="a">Historia y Sociedad</subfield>
      <subfield code="a">Diálogo abierto. Psicología</subfield>
      <subfield code="v">13</subfield>
    </datafield>
    <datafield tag="650" ind1=" " ind2=" ">
      <subfield code="a"> PSICOANALISIS</subfield>
    </datafield>
    <datafield tag="942" ind1=" " ind2=" ">
      <subfield code="c">BK</subfield>
    </datafield>
    <datafield tag="952" ind1=" " ind2=" ">
      <subfield code="a">BIB_RECT</subfield>
      <subfield code="b">BIB_UARG</subfield>
      <subfield code="d">2010-03-17</subfield>
      <subfield code="y">BK</subfield>
      <subfield code="p">05-39018</subfield>
      <subfield code="i">05-39018</subfield>
      <subfield code="g">22</subfield>
      <subfield code="o">159.964.2 D349r3</subfield>
      <subfield code="e">Compra SIUNPA/09</subfield>
      <subfield code="8">CG</subfield>
    </datafield>
    <datafield tag="952" ind1=" " ind2=" ">
      <subfield code="a">BIB_RECT</subfield>
      <subfield code="b">BIB_UARG</subfield>
      <subfield code="d">2010-03-17</subfield>
      <subfield code="y">BK</subfield>
      <subfield code="p">05-39019</subfield>
      <subfield code="i">05-39019</subfield>
      <subfield code="g">22</subfield>
      <subfield code="o">159.964.2 D349r3</subfield>
      <subfield code="e">Compra SIUNPA/09</subfield>
      <subfield code="8">CG</subfield>
    </datafield>
    <datafield tag="952" ind1=" " ind2=" ">
      <subfield code="a">BIB_RECT</subfield>
      <subfield code="b">BIB_UARG</subfield>
      <subfield code="d">2010-03-17</subfield>
      <subfield code="y">BK</subfield>
      <subfield code="p">05-39020</subfield>
      <subfield code="i">05-39020</subfield>
      <subfield code="g">22</subfield>
      <subfield code="o">159.964.2 D349r3</subfield>
      <subfield code="e">Compra SIUNPA/09</subfield>
      <subfield code="8">CG</subfield>
    </datafield>
    <datafield tag="952" ind1=" " ind2=" ">
      <subfield code="a">BIB_RECT</subfield>
      <subfield code="b">BIB_UARG</subfield>
      <subfield code="d">2010-03-17</subfield>
      <subfield code="y">BK</subfield>
      <subfield code="p">05-39021</subfield>
      <subfield code="i">05-39021</subfield>
      <subfield code="g">22</subfield>
      <subfield code="o">159.964.2 D349r3</subfield>
      <subfield code="e">Compra SIUNPA/09</subfield>
      <subfield code="8">CG</subfield>
    </datafield>
    <datafield tag="952" ind1=" " ind2=" ">
      <subfield code="a">BIB_RECT</subfield>
      <subfield code="b">BIB_UARG</subfield>
      <subfield code="d">2010-03-17</subfield>
      <subfield code="y">BK</subfield>
      <subfield code="p">05-39022</subfield>
      <subfield code="i">05-39022</subfield>
      <subfield code="g">22</subfield>
      <subfield code="o">159.964.2 D349r3</subfield>
      <subfield code="e">Compra SIUNPA/09</subfield>
      <subfield code="8">CG</subfield>
    </datafield>
  </record>