
  <record>
    <leader>01000aam  22002601a 4500</leader>
    <controlfield tag="001">YPZ92658</controlfield>
    <controlfield tag="003">YPZ</controlfield>
    <controlfield tag="005">201004121653260</controlfield>
    <controlfield tag="008">100412|###########||||||b||||||||||spa|d</controlfield>
    <datafield tag="020" ind1=" " ind2=" ">
      <subfield code="a">9871240058</subfield>
    </datafield>
    <datafield tag="040" ind1=" " ind2=" ">
      <subfield code="c">SIUNPA</subfield>
    </datafield>
    <datafield tag="041" ind1=" " ind2=" ">
      <subfield code="a">spa</subfield>
    </datafield>
    <datafield tag="044" ind1=" " ind2=" ">
      <subfield code="a">AR</subfield>
    </datafield>
    <datafield tag="080" ind1=" " ind2=" ">
      <subfield code="a">821.124'02.09 G146v</subfield>
    </datafield>
    <datafield tag="100" ind1=" " ind2=" ">
      <subfield code="a">Galán, Lía.</subfield>
    </datafield>
    <datafield tag="245" ind1=" " ind2=" ">
      <subfield code="a">Virgilio</subfield>
      <subfield code="b"> : Eneida. Una introducción crítica</subfield>
    </datafield>
    <datafield tag="260" ind1=" " ind2=" ">
      <subfield code="a">Buenos Aires</subfield>
      <subfield code="b"> : Santiago Arcos, ed.</subfield>
      <subfield code="c"> , 2005</subfield>
    </datafield>
    <datafield tag="440" ind1=" " ind2=" ">
      <subfield code="a">Colección campus virtual</subfield>
      <subfield code="a">Ariel Lingüística</subfield>
      <subfield code="a">Ariel Lingüística</subfield>
      <subfield code="a">Colección claves para todos</subfield>
      <subfield code="a">Puñaladas. Serie mayor</subfield>
      <subfield code="a">Para leer. Clásicos</subfield>
      <subfield code="v">9</subfield>
    </datafield>
    <datafield tag="490" ind1=" " ind2=" ">
      <subfield code="a">Colección campus virtual</subfield>
      <subfield code="a">Ariel Lingüística</subfield>
      <subfield code="a">Ariel Lingüística</subfield>
      <subfield code="a">Colección claves para todos</subfield>
      <subfield code="a">Puñaladas. Serie mayor</subfield>
      <subfield code="a">Para leer. Clásicos</subfield>
      <subfield code="v">9</subfield>
    </datafield>
    <datafield tag="650" ind1=" " ind2=" ">
      <subfield code="a"> LITERATURA LATINA</subfield>
    </datafield>
    <datafield tag="650" ind1=" " ind2=" ">
      <subfield code="a"> VIRGILIO (70</subfield>
    </datafield>
    <datafield tag="650" ind1=" " ind2=" ">
      <subfield code="a">19 a.c.)</subfield>
    </datafield>
    <datafield tag="650" ind1=" " ind2=" ">
      <subfield code="a"> CRITICA LITERARIA</subfield>
    </datafield>
    <datafield tag="650" ind1=" " ind2=" ">
      <subfield code="a"> NOVELA</subfield>
    </datafield>
    <datafield tag="942" ind1=" " ind2=" ">
      <subfield code="c">BK</subfield>
    </datafield>
    <datafield tag="952" ind1=" " ind2=" ">
      <subfield code="a">BIB_RECT</subfield>
      <subfield code="b">BIB_UARG</subfield>
      <subfield code="d">2010-04-12</subfield>
      <subfield code="y">BK</subfield>
      <subfield code="p">05-39031</subfield>
      <subfield code="i">05-39031</subfield>
      <subfield code="g">29</subfield>
      <subfield code="o">821.124'02.09 G146v</subfield>
      <subfield code="e">Compra SIUNPA OC 157/09</subfield>
      <subfield code="8">CG</subfield>
    </datafield>
    <datafield tag="952" ind1=" " ind2=" ">
      <subfield code="a">BIB_RECT</subfield>
      <subfield code="b">BIB_UARG</subfield>
      <subfield code="d">2010-04-12</subfield>
      <subfield code="y">BK</subfield>
      <subfield code="p">05-39032</subfield>
      <subfield code="i">05-39032</subfield>
      <subfield code="g">29</subfield>
      <subfield code="o">821.124'02.09 G146v</subfield>
      <subfield code="e">Compra SIUNPA OC 157/09</subfield>
      <subfield code="8">CG</subfield>
    </datafield>
  </record>