
  <record>
    <leader>01000aam  22002601a 4500</leader>
    <controlfield tag="001">YPZ92669</controlfield>
    <controlfield tag="003">YPZ</controlfield>
    <controlfield tag="005">201004141147340</controlfield>
    <controlfield tag="008">100414|###########||||||b||||||||||spa|d</controlfield>
    <datafield tag="020" ind1=" " ind2=" ">
      <subfield code="a">8441508305</subfield>
    </datafield>
    <datafield tag="040" ind1=" " ind2=" ">
      <subfield code="c">SIUNPA</subfield>
    </datafield>
    <datafield tag="041" ind1=" " ind2=" ">
      <subfield code="a">spa</subfield>
    </datafield>
    <datafield tag="044" ind1=" " ind2=" ">
      <subfield code="a">ES</subfield>
    </datafield>
    <datafield tag="080" ind1=" " ind2=" ">
      <subfield code="a">004.43 C233d</subfield>
    </datafield>
    <datafield tag="100" ind1=" " ind2=" ">
      <subfield code="a">Cantú, Marco.</subfield>
    </datafield>
    <datafield tag="245" ind1=" " ind2=" ">
      <subfield code="a">Delphi 4</subfield>
      <subfield code="c"> / Cuezva Guzmán, Fernando, tr.</subfield>
    </datafield>
    <datafield tag="260" ind1=" " ind2=" ">
      <subfield code="a">Madrid</subfield>
      <subfield code="b"> : Anaya Multimedia</subfield>
      <subfield code="c"> , 1999</subfield>
    </datafield>
    <datafield tag="300" ind1=" " ind2=" ">
      <subfield code="a">114 p. : </subfield>
      <subfield code="a">694 p. : </subfield>
      <subfield code="b">il. ; </subfield>
      <subfield code="a">xiv, 275 p. : </subfield>
      <subfield code="b">il. ; </subfield>
      <subfield code="a">88 p. : </subfield>
      <subfield code="b">il. ; </subfield>
      <subfield code="a">31 p. : </subfield>
      <subfield code="a">23 p. : </subfield>
      <subfield code="a">iii, 26 p. : </subfield>
      <subfield code="a">647 p. : </subfield>
      <subfield code="b">il. ; </subfield>
      <subfield code="a">127 p. : </subfield>
      <subfield code="b">il. ; </subfield>
      <subfield code="a">24 p. : </subfield>
      <subfield code="b">il. ; </subfield>
      <subfield code="a">55 p. : </subfield>
      <subfield code="b">il. ; </subfield>
      <subfield code="a">80 p. : </subfield>
      <subfield code="b">il. ; </subfield>
      <subfield code="a">[96] p. : </subfield>
      <subfield code="b">il. ; </subfield>
      <subfield code="a">206 p. : </subfield>
      <subfield code="b">il. ; </subfield>
      <subfield code="a">70 p. : </subfield>
      <subfield code="a">p. 51-67 : </subfield>
      <subfield code="a">v. : </subfield>
      <subfield code="a">71 p. : </subfield>
      <subfield code="a">105 p. : </subfield>
      <subfield code="a">42 p. : </subfield>
      <subfield code="a">64 p. : </subfield>
      <subfield code="b">il. ; </subfield>
      <subfield code="a">[40] p. : </subfield>
      <subfield code="a">v. : </subfield>
      <subfield code="a">v. : </subfield>
      <subfield code="b">cuadros ; </subfield>
      <subfield code="a">89 p. : </subfield>
      <subfield code="b">il. ; </subfield>
      <subfield code="a">204 p. : </subfield>
      <subfield code="b">il. ; </subfield>
      <subfield code="a">xviii, 508 p. : </subfield>
      <subfield code="b">il. ; </subfield>
      <subfield code="a">xviii, 489 p. : </subfield>
      <subfield code="b">il. ; </subfield>
      <subfield code="a">viii, 688 p. : </subfield>
      <subfield code="b">il. ; </subfield>
      <subfield code="a">236 p. : </subfield>
      <subfield code="b">il. ; </subfield>
      <subfield code="a">xx, 524 p. : </subfield>
      <subfield code="b">il. ; </subfield>
      <subfield code="a">iv, 668 p. : </subfield>
      <subfield code="a">xii, 379 p. : </subfield>
      <subfield code="b">il. ; </subfield>
      <subfield code="a">x, 428 p. : </subfield>
      <subfield code="b">il. ; </subfield>
      <subfield code="a">268 p. : </subfield>
      <subfield code="b">il. ; </subfield>
      <subfield code="a">281 p. : </subfield>
      <subfield code="b">il. ; </subfield>
      <subfield code="a">160 p. : </subfield>
      <subfield code="a">xiv, 287 p. : </subfield>
      <subfield code="b">il. ; </subfield>
      <subfield code="a">378 p. : </subfield>
      <subfield code="b">il. ; </subfield>
      <subfield code="a">x, 129 p. : </subfield>
      <subfield code="a">xv, 920 p. : </subfield>
      <subfield code="b">il. ; </subfield>
      <subfield code="a">475 p. : </subfield>
      <subfield code="b">il. ; </subfield>
      <subfield code="a">391 p. : </subfield>
      <subfield code="a">xvi, 537 p. : </subfield>
      <subfield code="b">il. ; </subfield>
      <subfield code="a">xxxiii, [933] p. en varias paginaciones : </subfield>
      <subfield code="b">il. ; </subfield>
      <subfield code="a">146 p. : </subfield>
      <subfield code="a">504 p. : </subfield>
      <subfield code="a">215 p. : </subfield>
      <subfield code="b">il. ; </subfield>
      <subfield code="a">118 p. : </subfield>
      <subfield code="a">186 p. : </subfield>
      <subfield code="a">63 p. : </subfield>
      <subfield code="b">il. ; </subfield>
      <subfield code="a">391 p. : </subfield>
      <subfield code="a">80 p. : </subfield>
      <subfield code="a">50 p. : </subfield>
      <subfield code="b">il. ; </subfield>
      <subfield code="a">43 p. : </subfield>
      <subfield code="b">il. ; </subfield>
      <subfield code="a">xxviii, 733 p. : </subfield>
      <subfield code="b">il. ; </subfield>
      <subfield code="a">172 p. : </subfield>
      <subfield code="a">v. : </subfield>
      <subfield code="b">il. ; </subfield>
      <subfield code="a">269 p. : </subfield>
      <subfield code="b">cuadros ; </subfield>
      <subfield code="a">162 p. : </subfield>
      <subfield code="b">cuadros ; </subfield>
      <subfield code="a">378 p. : </subfield>
      <subfield code="a">178 p. : </subfield>
      <subfield code="a">629 p. : </subfield>
      <subfield code="a">162 p. : </subfield>
      <subfield code="a">560 p. : </subfield>
      <subfield code="a">ix, 75 p. : </subfield>
      <subfield code="a">xxii, 562 p. : </subfield>
      <subfield code="b">il. ; </subfield>
      <subfield code="a">v. : </subfield>
      <subfield code="b">il. ; </subfield>
      <subfield code="a">xvi, 606 p. : </subfield>
      <subfield code="b">il. ; </subfield>
      <subfield code="a">141 p. : </subfield>
      <subfield code="b">il. ; </subfield>
      <subfield code="a">108 p. : </subfield>
      <subfield code="b">il. ; </subfield>
      <subfield code="a">268 p. : </subfield>
      <subfield code="a">viii, 226 p. : </subfield>
      <subfield code="a">169 p. : </subfield>
      <subfield code="a">135 p. : </subfield>
      <subfield code="a">2004 : </subfield>
      <subfield code="b">il. ; </subfield>
      <subfield code="a">399 p. : </subfield>
      <subfield code="a">v. : </subfield>
      <subfield code="b">il. ; </subfield>
      <subfield code="a">57 p. : </subfield>
      <subfield code="a">xiii, 175 p. : </subfield>
      <subfield code="a">[86] p. : </subfield>
      <subfield code="b">il. ; </subfield>
      <subfield code="a">85 p. : </subfield>
      <subfield code="b">il. ; </subfield>
      <subfield code="a">199 p. : </subfield>
      <subfield code="b">il. ; </subfield>
      <subfield code="a">265 p. : </subfield>
      <subfield code="b">il. ; </subfield>
      <subfield code="a">497 p. : </subfield>
      <subfield code="b">il. ; </subfield>
      <subfield code="a">79 p. : </subfield>
      <subfield code="b">il. ; </subfield>
      <subfield code="a">302 p. : </subfield>
      <subfield code="b">il. ; </subfield>
      <subfield code="a">799 p. : </subfield>
      <subfield code="b">il. ; </subfield>
      <subfield code="a">573 p. : </subfield>
      <subfield code="a">398 p. : </subfield>
      <subfield code="a">252 p. : </subfield>
      <subfield code="a">100 p. : </subfield>
      <subfield code="b">il. ; </subfield>
      <subfield code="a">175 p. : </subfield>
      <subfield code="a">296 p. : </subfield>
      <subfield code="a">325 p. : </subfield>
      <subfield code="a">196 p. : </subfield>
      <subfield code="a">329 p. : </subfield>
      <subfield code="a">535 p. : </subfield>
      <subfield code="a">239 p. : </subfield>
      <subfield code="a">2 v. : </subfield>
      <subfield code="a">182 p. : </subfield>
      <subfield code="a">299 p. : </subfield>
      <subfield code="b">il. ; </subfield>
      <subfield code="a">187 p. : </subfield>
      <subfield code="a">144 p. : </subfield>
      <subfield code="a">304 p. : </subfield>
      <subfield code="a">245 p. : </subfield>
      <subfield code="a">254 p. : </subfield>
      <subfield code="a">93 p. : </subfield>
      <subfield code="a">108 p. : </subfield>
      <subfield code="a">348 p. : </subfield>
      <subfield code="a">302 p. : </subfield>
      <subfield code="a">238 p. : </subfield>
      <subfield code="a">649 p. : </subfield>
      <subfield code="b">il. ; </subfield>
      <subfield code="a">349 p. : </subfield>
      <subfield code="b">il. ; </subfield>
      <subfield code="a">101 p. : </subfield>
      <subfield code="a">325 p. : </subfield>
      <subfield code="a">111 p. : </subfield>
      <subfield code="b">il. ; </subfield>
      <subfield code="a">117 p. : </subfield>
      <subfield code="a">231 p. : </subfield>
      <subfield code="a">178 p. : </subfield>
      <subfield code="b">il. ; </subfield>
      <subfield code="a">143 p. : </subfield>
      <subfield code="b">il. ; </subfield>
      <subfield code="a">825 p. : </subfield>
      <subfield code="b">il. ; </subfield>
      <subfield code="a">xii, 294 p. : </subfield>
      <subfield code="a">284 p. : </subfield>
      <subfield code="b">il. ; </subfield>
      <subfield code="a">xvi, 573 p. : </subfield>
      <subfield code="a">3 v. : </subfield>
      <subfield code="a">496 p. : </subfield>
      <subfield code="a">189 p. : </subfield>
      <subfield code="a">109 p. : </subfield>
      <subfield code="b">il. ; </subfield>
      <subfield code="a">296 p. : </subfield>
      <subfield code="a">159 p. : </subfield>
      <subfield code="a">123 p. : </subfield>
      <subfield code="a">viii, 193 p. : </subfield>
      <subfield code="b">il. ; </subfield>
      <subfield code="a">399 p. : </subfield>
      <subfield code="a">xiv,153 p. : </subfield>
      <subfield code="a">254 p. : </subfield>
      <subfield code="b">il. ; </subfield>
      <subfield code="a">388 p. : </subfield>
      <subfield code="a">174 p. : </subfield>
      <subfield code="a">viii, 159 p. : </subfield>
      <subfield code="a">xxiv, 444 p. : </subfield>
      <subfield code="a">366 p. (algunas plegs.) : </subfield>
      <subfield code="a">311 p. : </subfield>
      <subfield code="a">375 p. : </subfield>
      <subfield code="a">124 p. : </subfield>
      <subfield code="a">208 p. : </subfield>
      <subfield code="a">39 p. : </subfield>
      <subfield code="a">lxiv, 279 p. : </subfield>
      <subfield code="a">255 p. : </subfield>
      <subfield code="a">664 p. : </subfield>
      <subfield code="a">2 v. : </subfield>
      <subfield code="a">194 p. : </subfield>
      <subfield code="a">vii, 185 p. : </subfield>
      <subfield code="a">cxxix, 600 p. : </subfield>
      <subfield code="a">271 p. : </subfield>
      <subfield code="a">cxxix, 600 p. : </subfield>
      <subfield code="a">571 p. : </subfield>
      <subfield code="b">il. ; </subfield>
      <subfield code="a">187 p. : </subfield>
      <subfield code="b">il. ; </subfield>
      <subfield code="a">xix, 391 p. : </subfield>
      <subfield code="b">il. ; </subfield>
      <subfield code="a">386 p. : </subfield>
      <subfield code="b">il. ; </subfield>
      <subfield code="a">95 p. : </subfield>
      <subfield code="b">il. ; </subfield>
      <subfield code="a">158 p. : </subfield>
      <subfield code="a">120 p. : </subfield>
      <subfield code="a">251 p. : </subfield>
      <subfield code="a">222 p. : </subfield>
      <subfield code="b">il. ; </subfield>
      <subfield code="a">87 p. : </subfield>
      <subfield code="a">276 p. : </subfield>
      <subfield code="a">553 p. : </subfield>
      <subfield code="b">il. ; </subfield>
      <subfield code="a">239 p. : </subfield>
      <subfield code="a">196 p. : </subfield>
      <subfield code="a">383 p. : </subfield>
      <subfield code="b">il. ; </subfield>
      <subfield code="a">336 p. : </subfield>
      <subfield code="b">il. ; </subfield>
      <subfield code="a">832 p. : </subfield>
      <subfield code="b">il ; </subfield>
      <subfield code="e">1 CD-ROM en bolsillo</subfield>
    </datafield>
    <datafield tag="650" ind1=" " ind2=" ">
      <subfield code="a"> LENGUAJES DE PROGRAMACION</subfield>
    </datafield>
    <datafield tag="650" ind1=" " ind2=" ">
      <subfield code="a"> DELPHI</subfield>
    </datafield>
    <datafield tag="942" ind1=" " ind2=" ">
      <subfield code="c">BK</subfield>
    </datafield>
    <datafield tag="952" ind1=" " ind2=" ">
      <subfield code="a">BIB_RECT</subfield>
      <subfield code="b">BIB_UACO</subfield>
      <subfield code="d">2010-04-14</subfield>
      <subfield code="y">BK</subfield>
      <subfield code="p">02-02590</subfield>
      <subfield code="i">02-02590</subfield>
      <subfield code="g">60</subfield>
      <subfield code="o">004.43 C233d</subfield>
      <subfield code="e">Compra UACO</subfield>
      <subfield code="8">CG</subfield>
    </datafield>
    <datafield tag="952" ind1=" " ind2=" ">
      <subfield code="a">BIB_RECT</subfield>
      <subfield code="b">BIB_UACO</subfield>
      <subfield code="d">2010-04-14</subfield>
      <subfield code="y">BK</subfield>
      <subfield code="p">02-02591</subfield>
      <subfield code="i">02-02591</subfield>
      <subfield code="g">60</subfield>
      <subfield code="o">004.43 C233d</subfield>
      <subfield code="e">Compra UACO</subfield>
      <subfield code="8">CG</subfield>
    </datafield>
  </record>