
  <record>
    <leader>01000aam  22002601a 4500</leader>
    <controlfield tag="001">YPZ92671</controlfield>
    <controlfield tag="003">YPZ</controlfield>
    <controlfield tag="005">201004141158560</controlfield>
    <controlfield tag="008">100414|###########||||||b||||||||||spa|d</controlfield>
    <datafield tag="020" ind1=" " ind2=" ">
      <subfield code="a">8480880902</subfield>
    </datafield>
    <datafield tag="040" ind1=" " ind2=" ">
      <subfield code="c">SIUNPA</subfield>
    </datafield>
    <datafield tag="041" ind1=" " ind2=" ">
      <subfield code="a">spa</subfield>
    </datafield>
    <datafield tag="044" ind1=" " ind2=" ">
      <subfield code="a">ES</subfield>
    </datafield>
    <datafield tag="080" ind1=" " ind2=" ">
      <subfield code="a">004.43 D815d2</subfield>
    </datafield>
    <datafield tag="100" ind1=" " ind2=" ">
      <subfield code="a">Dubois, Ludovic.</subfield>
    </datafield>
    <datafield tag="245" ind1=" " ind2=" ">
      <subfield code="a">Delphi</subfield>
      <subfield code="b"> : desarrollo rápido de aplicaciones bajo Windows</subfield>
    </datafield>
    <datafield tag="250" ind1=" " ind2=" ">
      <subfield code="a">2a. ed</subfield>
    </datafield>
    <datafield tag="260" ind1=" " ind2=" ">
      <subfield code="a">Barcelona</subfield>
      <subfield code="b"> : Gestión 2000</subfield>
      <subfield code="c"> , 1995</subfield>
    </datafield>
    <datafield tag="300" ind1=" " ind2=" ">
      <subfield code="a">919 p. : </subfield>
      <subfield code="a">360 p. : </subfield>
      <subfield code="b">il. ; </subfield>
      <subfield code="e">1 diskette 3 1/2 en bolsillo</subfield>
    </datafield>
    <datafield tag="500" ind1=" " ind2=" ">
      <subfield code="a">Contenido del diskette: Código fuente de todos los programas</subfield>
    </datafield>
    <datafield tag="650" ind1=" " ind2=" ">
      <subfield code="a"> LENGUAJE DE PROGRAMACION</subfield>
    </datafield>
    <datafield tag="650" ind1=" " ind2=" ">
      <subfield code="a"> DELPHI</subfield>
    </datafield>
    <datafield tag="942" ind1=" " ind2=" ">
      <subfield code="c">BK</subfield>
    </datafield>
    <datafield tag="952" ind1=" " ind2=" ">
      <subfield code="a">BIB_RECT</subfield>
      <subfield code="b">BIB_UACO</subfield>
      <subfield code="d">2010-04-14</subfield>
      <subfield code="y">BK</subfield>
      <subfield code="p">02-02589</subfield>
      <subfield code="i">02-02589</subfield>
      <subfield code="g">70</subfield>
      <subfield code="o">004.43 D815d2</subfield>
      <subfield code="e">Compra UACO</subfield>
      <subfield code="8">CG</subfield>
    </datafield>
    <datafield tag="952" ind1=" " ind2=" ">
      <subfield code="a">BIB_RECT</subfield>
      <subfield code="b">BIB_UARG</subfield>
      <subfield code="d">2010-04-14</subfield>
      <subfield code="y">BK</subfield>
      <subfield code="p">05-16375</subfield>
      <subfield code="i">05-16375</subfield>
      <subfield code="g">75</subfield>
      <subfield code="o">004.43 D815d2</subfield>
      <subfield code="e">CASAS, SANDRA/02</subfield>
      <subfield code="8">CG</subfield>
    </datafield>
  </record>