
  <record>
    <leader>01000aam  22002601a 4500</leader>
    <controlfield tag="001">YPZ92681</controlfield>
    <controlfield tag="003">YPZ</controlfield>
    <controlfield tag="005">201004161457350</controlfield>
    <controlfield tag="008">100416|###########||||||b||||||||||spa|d</controlfield>
    <datafield tag="040" ind1=" " ind2=" ">
      <subfield code="c">SIUNPA</subfield>
    </datafield>
    <datafield tag="041" ind1=" " ind2=" ">
      <subfield code="a">spa</subfield>
    </datafield>
    <datafield tag="044" ind1=" " ind2=" ">
      <subfield code="a">UY</subfield>
    </datafield>
    <datafield tag="080" ind1=" " ind2=" ">
      <subfield code="a">338.1(899) R165p</subfield>
    </datafield>
    <datafield tag="100" ind1=" " ind2=" ">
      <subfield code="a">Rama, Martín.</subfield>
    </datafield>
    <datafield tag="245" ind1=" " ind2=" ">
      <subfield code="a">Protección y crecimiento industrial 1975-1980</subfield>
    </datafield>
    <datafield tag="260" ind1=" " ind2=" ">
      <subfield code="a">Montevideo</subfield>
      <subfield code="b"> : Ediciones de la Banda Oriental</subfield>
      <subfield code="b"> : Centro de Investigaciones Económicas</subfield>
      <subfield code="c"> , 1982</subfield>
    </datafield>
    <datafield tag="440" ind1=" " ind2=" ">
      <subfield code="a">Colección geopolítica</subfield>
      <subfield code="a">Estudios CINVE</subfield>
      <subfield code="v">3</subfield>
    </datafield>
    <datafield tag="490" ind1=" " ind2=" ">
      <subfield code="a">Colección geopolítica</subfield>
      <subfield code="a">Estudios CINVE</subfield>
      <subfield code="v">3</subfield>
    </datafield>
    <datafield tag="650" ind1=" " ind2=" ">
      <subfield code="a"> POLITICA ECONOMICA</subfield>
    </datafield>
    <datafield tag="650" ind1=" " ind2=" ">
      <subfield code="a"> CRECIMIENTO ECONOMICO</subfield>
    </datafield>
    <datafield tag="650" ind1=" " ind2=" ">
      <subfield code="a"> SECTOR INDUSTRIAL </subfield>
    </datafield>
    <datafield tag="650" ind1=" " ind2=" ">
      <subfield code="a"> DESARROLLO ECONOMICO</subfield>
    </datafield>
    <datafield tag="650" ind1=" " ind2=" ">
      <subfield code="a"> URUGUAY</subfield>
    </datafield>
    <datafield tag="942" ind1=" " ind2=" ">
      <subfield code="c">BK</subfield>
    </datafield>
    <datafield tag="952" ind1=" " ind2=" ">
      <subfield code="a">BIB_RECT</subfield>
      <subfield code="b">BIB_UARG</subfield>
      <subfield code="d">2010-04-16</subfield>
      <subfield code="y">BK</subfield>
      <subfield code="p">05-39122</subfield>
      <subfield code="i">05-39122</subfield>
      <subfield code="g">20</subfield>
      <subfield code="o">338.1(899) R165p</subfield>
      <subfield code="e">Donación España y Cepal</subfield>
      <subfield code="8">CG</subfield>
    </datafield>
  </record>