
  <record>
    <leader>01000aam  22002601a 4500</leader>
    <controlfield tag="001">YPZ92687</controlfield>
    <controlfield tag="003">YPZ</controlfield>
    <controlfield tag="005">201004191601370</controlfield>
    <controlfield tag="008">100419|###########||||||b||||||||||spa|d</controlfield>
    <datafield tag="040" ind1=" " ind2=" ">
      <subfield code="c">SIUNPA</subfield>
    </datafield>
    <datafield tag="041" ind1=" " ind2=" ">
      <subfield code="a">spa</subfield>
    </datafield>
    <datafield tag="044" ind1=" " ind2=" ">
      <subfield code="a">AR</subfield>
    </datafield>
    <datafield tag="080" ind1=" " ind2=" ">
      <subfield code="a">821.134.2(82) E185m</subfield>
    </datafield>
    <datafield tag="100" ind1=" " ind2=" ">
      <subfield code="a">Echeverría, Esteban.</subfield>
    </datafield>
    <datafield tag="245" ind1=" " ind2=" ">
      <subfield code="a">El matadero y otras prosas</subfield>
      <subfield code="c"> / Salvador, Nélida, con resúmenes histórcos, bibliog. literarios, notas explicativas, bibliog., juicios sobre el autor y sus obras, y temas de estudios</subfield>
    </datafield>
    <datafield tag="260" ind1=" " ind2=" ">
      <subfield code="a">Buenos Aires</subfield>
      <subfield code="b"> : Plus Ultra</subfield>
      <subfield code="c"> , 1975</subfield>
    </datafield>
    <datafield tag="440" ind1=" " ind2=" ">
      <subfield code="a">Tesis / Beatriz Viterbo</subfield>
      <subfield code="a">Schaum</subfield>
      <subfield code="a">Clásicos hispanoamericanos</subfield>
      <subfield code="v">v. 22</subfield>
    </datafield>
    <datafield tag="490" ind1=" " ind2=" ">
      <subfield code="a">Tesis / Beatriz Viterbo</subfield>
      <subfield code="a">Schaum</subfield>
      <subfield code="a">Clásicos hispanoamericanos</subfield>
      <subfield code="v">v. 22</subfield>
    </datafield>
    <datafield tag="650" ind1=" " ind2=" ">
      <subfield code="a"> LITERATURA ARGENTINA</subfield>
    </datafield>
    <datafield tag="650" ind1=" " ind2=" ">
      <subfield code="a"> CUENTO</subfield>
    </datafield>
    <datafield tag="942" ind1=" " ind2=" ">
      <subfield code="c">BK</subfield>
    </datafield>
    <datafield tag="952" ind1=" " ind2=" ">
      <subfield code="a">BIB_RECT</subfield>
      <subfield code="b">BIB_UARG</subfield>
      <subfield code="d">2010-04-19</subfield>
      <subfield code="y">BK</subfield>
      <subfield code="p">05-01165</subfield>
      <subfield code="i">05-01165</subfield>
      <subfield code="g">32</subfield>
      <subfield code="o">821.134.2(82) E185m</subfield>
      <subfield code="e">Donación</subfield>
      <subfield code="8">CG</subfield>
    </datafield>
  </record>