
  <record>
    <leader>01000aam  22002601a 4500</leader>
    <controlfield tag="001">YPZ92693</controlfield>
    <controlfield tag="003">YPZ</controlfield>
    <controlfield tag="005">201004191917230</controlfield>
    <controlfield tag="008">100419|###########||||||b||||||||||spa|d</controlfield>
    <datafield tag="020" ind1=" " ind2=" ">
      <subfield code="a">842521095X(o.c.)</subfield>
    </datafield>
    <datafield tag="020" ind1=" " ind2=" ">
      <subfield code="a">8425210976 (v.1)</subfield>
    </datafield>
    <datafield tag="020" ind1=" " ind2=" ">
      <subfield code="a">8425211239 (v.2)</subfield>
    </datafield>
    <datafield tag="040" ind1=" " ind2=" ">
      <subfield code="c">SIUNPA</subfield>
    </datafield>
    <datafield tag="041" ind1=" " ind2=" ">
      <subfield code="a">spa</subfield>
    </datafield>
    <datafield tag="044" ind1=" " ind2=" ">
      <subfield code="a">ES</subfield>
    </datafield>
    <datafield tag="080" ind1=" " ind2=" ">
      <subfield code="a">7.033 A786a</subfield>
    </datafield>
    <datafield tag="245" ind1=" " ind2=" ">
      <subfield code="a">Arte medieval</subfield>
      <subfield code="c"> / Yarza Luaces, Joaquín, ed. ; Dalmases, Núria de, ed. ; Ibarburu, María Eugenia, ed. ; Pitarch, Antonio José, ed. ; Pérez, Cristina, ed. ; Terés, Maria Rosa, ed. ; Guardia, Milagros, ed. ; Vicens, Teresa, ed. ; Freixa, Mirea, coord.</subfield>
    </datafield>
    <datafield tag="260" ind1=" " ind2=" ">
      <subfield code="a">Barcelona</subfield>
      <subfield code="b"> : Gustavo Gili</subfield>
      <subfield code="c"> , 1982</subfield>
    </datafield>
    <datafield tag="440" ind1=" " ind2=" ">
      <subfield code="a">Libros de la luciérnaga</subfield>
      <subfield code="a">Colección fuentes y documentos para la historia del arte</subfield>
      <subfield code="v">2-3</subfield>
    </datafield>
    <datafield tag="490" ind1=" " ind2=" ">
      <subfield code="a">Libros de la luciérnaga</subfield>
      <subfield code="a">Colección fuentes y documentos para la historia del arte</subfield>
      <subfield code="v">2-3</subfield>
    </datafield>
    <datafield tag="505" ind1=" " ind2=" ">
      <subfield code="a">Contenido: v. 1. Alta Edad Media y Bizancio - v. 2. Románico y gótico</subfield>
    </datafield>
    <datafield tag="650" ind1=" " ind2=" ">
      <subfield code="a"> ARTE MEDIEVAL</subfield>
    </datafield>
    <datafield tag="650" ind1=" " ind2=" ">
      <subfield code="a"> TEORIA DEL ARTE</subfield>
    </datafield>
    <datafield tag="942" ind1=" " ind2=" ">
      <subfield code="c">BK</subfield>
    </datafield>
    <datafield tag="952" ind1=" " ind2=" ">
      <subfield code="a">BIB_RECT</subfield>
      <subfield code="b">BIB_UARG</subfield>
      <subfield code="d">2010-04-19</subfield>
      <subfield code="y">BK</subfield>
      <subfield code="p">05-08445</subfield>
      <subfield code="i">05-08445</subfield>
      <subfield code="g">69</subfield>
      <subfield code="o">7.033 A786a</subfield>
      <subfield code="e">Subs. Nación/94</subfield>
      <subfield code="8">CG</subfield>
    </datafield>
    <datafield tag="952" ind1=" " ind2=" ">
      <subfield code="a">BIB_RECT</subfield>
      <subfield code="b">BIB_UARG</subfield>
      <subfield code="d">2010-04-30</subfield>
      <subfield code="y">BK</subfield>
      <subfield code="p">05-08446</subfield>
      <subfield code="i">05-08446</subfield>
      <subfield code="g">70</subfield>
      <subfield code="o">7.033 A786a</subfield>
      <subfield code="e">Subsidio Nac/94</subfield>
      <subfield code="8">CG</subfield>
    </datafield>
    <datafield tag="952" ind1=" " ind2=" ">
      <subfield code="a">BIB_RECT</subfield>
      <subfield code="b">BIB_UARG</subfield>
      <subfield code="d">2010-04-19</subfield>
      <subfield code="y">BK</subfield>
      <subfield code="p">05-08515</subfield>
      <subfield code="i">05-08515</subfield>
      <subfield code="g">69</subfield>
      <subfield code="o">7.033 A786a</subfield>
      <subfield code="e">Subs. Nación/94</subfield>
      <subfield code="8">CG</subfield>
    </datafield>
    <datafield tag="952" ind1=" " ind2=" ">
      <subfield code="a">BIB_RECT</subfield>
      <subfield code="b">BIB_UARG</subfield>
      <subfield code="d">2010-04-30</subfield>
      <subfield code="y">BK</subfield>
      <subfield code="p">05-08516</subfield>
      <subfield code="i">05-08516</subfield>
      <subfield code="g">70</subfield>
      <subfield code="o">7.033 A786a</subfield>
      <subfield code="e">Subsidio Nac/94</subfield>
      <subfield code="8">CG</subfield>
    </datafield>
  </record>