
  <record>
    <leader>01000aam  22002601a 4500</leader>
    <controlfield tag="001">YPZ92702</controlfield>
    <controlfield tag="003">YPZ</controlfield>
    <controlfield tag="005">201004211516150</controlfield>
    <controlfield tag="008">100421|###########||||||b||||||||||spa|d</controlfield>
    <datafield tag="020" ind1=" " ind2=" ">
      <subfield code="a">9789275326701</subfield>
    </datafield>
    <datafield tag="040" ind1=" " ind2=" ">
      <subfield code="c">SIUNPA</subfield>
    </datafield>
    <datafield tag="041" ind1=" " ind2=" ">
      <subfield code="a">spa</subfield>
    </datafield>
    <datafield tag="044" ind1=" " ind2=" ">
      <subfield code="a">US</subfield>
    </datafield>
    <datafield tag="080" ind1=" " ind2=" ">
      <subfield code="a">614.39 E921e</subfield>
    </datafield>
    <datafield tag="245" ind1=" " ind2=" ">
      <subfield code="a">Evaluación de la promoción de la salud</subfield>
      <subfield code="b"> : principios y perspectivas</subfield>
      <subfield code="c"> / Cerqueira, María Teresa, ed. y versión en español ; León Nava, Fernando, ed. y versión en español ; Torre, Alejandro de la, ed. y versión en español</subfield>
    </datafield>
    <datafield tag="260" ind1=" " ind2=" ">
      <subfield code="a">Washington, D.C.</subfield>
      <subfield code="b"> : Organización Panamericana de la Salud</subfield>
      <subfield code="c"> , 2007</subfield>
    </datafield>
    <datafield tag="650" ind1=" " ind2=" ">
      <subfield code="a"> PROMOCION DE LA SALUD</subfield>
    </datafield>
    <datafield tag="650" ind1=" " ind2=" ">
      <subfield code="a"> EVALUACION DE PROYECTOS</subfield>
    </datafield>
    <datafield tag="650" ind1=" " ind2=" ">
      <subfield code="a"> PLANIFICACION ESTRATEGICA</subfield>
    </datafield>
    <datafield tag="650" ind1=" " ind2=" ">
      <subfield code="a"> SALUD PUBLICA</subfield>
    </datafield>
    <datafield tag="942" ind1=" " ind2=" ">
      <subfield code="c">BK</subfield>
    </datafield>
    <datafield tag="952" ind1=" " ind2=" ">
      <subfield code="a">BIB_RECT</subfield>
      <subfield code="b">BIB_UARG</subfield>
      <subfield code="d">2010-04-21</subfield>
      <subfield code="y">BK</subfield>
      <subfield code="p">05-39261</subfield>
      <subfield code="i">05-39261</subfield>
      <subfield code="g">85</subfield>
      <subfield code="o">614.39 E921e</subfield>
      <subfield code="e">Proy. de ext. Cine y Salud</subfield>
      <subfield code="8">CG</subfield>
    </datafield>
  </record>