
  <record>
    <leader>01000aam  22002601a 4500</leader>
    <controlfield tag="001">YPZ92711</controlfield>
    <controlfield tag="003">YPZ</controlfield>
    <controlfield tag="005">201004221526190</controlfield>
    <controlfield tag="008">100422|###########||||||b||||||||||spa|d</controlfield>
    <datafield tag="020" ind1=" " ind2=" ">
      <subfield code="a">9706512071</subfield>
    </datafield>
    <datafield tag="040" ind1=" " ind2=" ">
      <subfield code="c">SIUNPA</subfield>
    </datafield>
    <datafield tag="041" ind1=" " ind2=" ">
      <subfield code="a">spa</subfield>
      <subfield code="a">ita</subfield>
    </datafield>
    <datafield tag="044" ind1=" " ind2=" ">
      <subfield code="a">MX</subfield>
    </datafield>
    <datafield tag="080" ind1=" " ind2=" ">
      <subfield code="a">930.3 G493q</subfield>
    </datafield>
    <datafield tag="100" ind1=" " ind2=" ">
      <subfield code="a">Ginzburg, Carlo.</subfield>
    </datafield>
    <datafield tag="245" ind1=" " ind2=" ">
      <subfield code="a">El queso y los gusanos</subfield>
      <subfield code="b"> : el cosmos, según un molinero del siglo XVI</subfield>
      <subfield code="c"> / Martín, Francisco, tr. ; Cuartero, Francisco, tr.</subfield>
    </datafield>
    <datafield tag="250" ind1=" " ind2=" ">
      <subfield code="a">1a ed.</subfield>
    </datafield>
    <datafield tag="260" ind1=" " ind2=" ">
      <subfield code="a">México, D.F.</subfield>
      <subfield code="b"> : Océano</subfield>
      <subfield code="c"> , 1998</subfield>
    </datafield>
    <datafield tag="650" ind1=" " ind2=" ">
      <subfield code="a"> METODOLOGIA DE LA HISTORIA  FUENTE HISTORICA</subfield>
    </datafield>
    <datafield tag="650" ind1=" " ind2=" ">
      <subfield code="a"> INQUISICION</subfield>
    </datafield>
    <datafield tag="650" ind1=" " ind2=" ">
      <subfield code="a"> MENOCCHIO (SEUD. DE DOMENICO SCANDELLA) (1532</subfield>
    </datafield>
    <datafield tag="650" ind1=" " ind2=" ">
      <subfield code="a">1601)</subfield>
    </datafield>
    <datafield tag="650" ind1=" " ind2=" ">
      <subfield code="a"> SIGLO XVI</subfield>
    </datafield>
    <datafield tag="942" ind1=" " ind2=" ">
      <subfield code="c">BK</subfield>
    </datafield>
    <datafield tag="952" ind1=" " ind2=" ">
      <subfield code="a">BIB_RECT</subfield>
      <subfield code="b">BIB_UARG</subfield>
      <subfield code="d">2010-04-22</subfield>
      <subfield code="y">BK</subfield>
      <subfield code="p">05-12793</subfield>
      <subfield code="i">05-12793</subfield>
      <subfield code="g">49</subfield>
      <subfield code="o">930.3 G493q</subfield>
      <subfield code="e">Donación de Maestría de Historia/99</subfield>
      <subfield code="8">CG</subfield>
    </datafield>
  </record>