
  <record>
    <leader>01000aam  22002601a 4500</leader>
    <controlfield tag="001">YPZ92713</controlfield>
    <controlfield tag="003">YPZ</controlfield>
    <controlfield tag="005">201004221629490</controlfield>
    <controlfield tag="008">100422|###########||||||b||||||||||spa|d</controlfield>
    <datafield tag="020" ind1=" " ind2=" ">
      <subfield code="a">8430697918 (t.2)</subfield>
    </datafield>
    <datafield tag="020" ind1=" " ind2=" ">
      <subfield code="a">8430697926 (t.3)</subfield>
    </datafield>
    <datafield tag="020" ind1=" " ind2=" ">
      <subfield code="a">8430697934 (t.4)</subfield>
    </datafield>
    <datafield tag="020" ind1=" " ind2=" ">
      <subfield code="a">8430697942 (t.5)</subfield>
    </datafield>
    <datafield tag="020" ind1=" " ind2=" ">
      <subfield code="a">8430697950 (t.6.)</subfield>
    </datafield>
    <datafield tag="020" ind1=" " ind2=" ">
      <subfield code="a">8430697969 (t.7)</subfield>
    </datafield>
    <datafield tag="020" ind1=" " ind2=" ">
      <subfield code="a">8430697977 (t.8)</subfield>
    </datafield>
    <datafield tag="020" ind1=" " ind2=" ">
      <subfield code="a">8430697985 (t.9)</subfield>
    </datafield>
    <datafield tag="020" ind1=" " ind2=" ">
      <subfield code="a">8430697993 (t.10)</subfield>
    </datafield>
    <datafield tag="020" ind1=" " ind2=" ">
      <subfield code="a">8430604065 (o.c.)</subfield>
    </datafield>
    <datafield tag="040" ind1=" " ind2=" ">
      <subfield code="c">SIUNPA</subfield>
    </datafield>
    <datafield tag="041" ind1=" " ind2=" ">
      <subfield code="a">spa</subfield>
    </datafield>
    <datafield tag="044" ind1=" " ind2=" ">
      <subfield code="a">ES</subfield>
    </datafield>
    <datafield tag="080" ind1=" " ind2=" ">
      <subfield code="a">930.85 H673h</subfield>
    </datafield>
    <datafield tag="245" ind1=" " ind2=" ">
      <subfield code="a">Historia de la vida privada</subfield>
      <subfield code="c"> / Ariès, Philippe, dir. ; Duby, Georges, dir. ; Pérez Gutiérrez, Francisco, tr.</subfield>
    </datafield>
    <datafield tag="250" ind1=" " ind2=" ">
      <subfield code="a">1a ed.</subfield>
    </datafield>
    <datafield tag="260" ind1=" " ind2=" ">
      <subfield code="a">Madrid</subfield>
      <subfield code="b"> : Taurus</subfield>
      <subfield code="c"> , c1991</subfield>
    </datafield>
    <datafield tag="500" ind1=" " ind2=" ">
      <subfield code="a">La biblioteca posee t. 2-10</subfield>
    </datafield>
    <datafield tag="505" ind1=" " ind2=" ">
      <subfield code="a">Contenido: t.1. La alta edad media - t.3. Poder privado y poder público en la Europa feudal - t.4. El individuo en la Europa feudal - t.5. El proceso de cambio en la sociedad de los siglos XVI-XVIII - t.6. La comunidad, el estado y la familia en los siglos XVI- XVIII - t.7. La revolución francesa y el asentamiento de la sociedad burguesa - t.8. Sociedad burguesa: aspectos concretos de la vida privada - t.9. La vida privada en el siglo XX - t.10. El siglo XX: diversidades culturales</subfield>
    </datafield>
    <datafield tag="650" ind1=" " ind2=" ">
      <subfield code="a"> HISTORIA CULTURAL</subfield>
    </datafield>
    <datafield tag="650" ind1=" " ind2=" ">
      <subfield code="a"> HISTORIA SOCIAL</subfield>
    </datafield>
    <datafield tag="650" ind1=" " ind2=" ">
      <subfield code="a"> VIDA COTIDIANA</subfield>
    </datafield>
    <datafield tag="650" ind1=" " ind2=" ">
      <subfield code="a"> EDAD MEDIA</subfield>
    </datafield>
    <datafield tag="942" ind1=" " ind2=" ">
      <subfield code="c">BK</subfield>
    </datafield>
    <datafield tag="952" ind1=" " ind2=" ">
      <subfield code="a">BIB_RECT</subfield>
      <subfield code="b">BIB_UARG</subfield>
      <subfield code="d">2010-04-22</subfield>
      <subfield code="y">BK</subfield>
      <subfield code="p">05-11974</subfield>
      <subfield code="i">05-11974</subfield>
      <subfield code="g">59</subfield>
      <subfield code="o">930.85 H673h</subfield>
      <subfield code="e">Fomec 578</subfield>
      <subfield code="8">CG</subfield>
    </datafield>
    <datafield tag="952" ind1=" " ind2=" ">
      <subfield code="a">BIB_RECT</subfield>
      <subfield code="b">BIB_UARG</subfield>
      <subfield code="d">2010-04-22</subfield>
      <subfield code="y">BK</subfield>
      <subfield code="p">05-11975</subfield>
      <subfield code="i">05-11975</subfield>
      <subfield code="g">59</subfield>
      <subfield code="o">930.85 H673h</subfield>
      <subfield code="e">Fomec 578</subfield>
      <subfield code="8">CG</subfield>
    </datafield>
    <datafield tag="952" ind1=" " ind2=" ">
      <subfield code="a">BIB_RECT</subfield>
      <subfield code="b">BIB_UARG</subfield>
      <subfield code="d">2010-04-22</subfield>
      <subfield code="y">BK</subfield>
      <subfield code="p">05-11976</subfield>
      <subfield code="i">05-11976</subfield>
      <subfield code="g">59</subfield>
      <subfield code="o">930.85 H673h</subfield>
      <subfield code="e">Fomec 578</subfield>
      <subfield code="8">CG</subfield>
    </datafield>
    <datafield tag="952" ind1=" " ind2=" ">
      <subfield code="a">BIB_RECT</subfield>
      <subfield code="b">BIB_UARG</subfield>
      <subfield code="d">2010-04-22</subfield>
      <subfield code="y">BK</subfield>
      <subfield code="p">05-11977</subfield>
      <subfield code="i">05-11977</subfield>
      <subfield code="g">59</subfield>
      <subfield code="o">930.85 H673h</subfield>
      <subfield code="e">Fomec 578</subfield>
      <subfield code="8">CG</subfield>
    </datafield>
    <datafield tag="952" ind1=" " ind2=" ">
      <subfield code="a">BIB_RECT</subfield>
      <subfield code="b">BIB_UARG</subfield>
      <subfield code="d">2010-04-22</subfield>
      <subfield code="y">BK</subfield>
      <subfield code="p">05-11978</subfield>
      <subfield code="i">05-11978</subfield>
      <subfield code="g">59</subfield>
      <subfield code="o">930.85 H673h</subfield>
      <subfield code="e">Fomec 578</subfield>
      <subfield code="8">CG</subfield>
    </datafield>
    <datafield tag="952" ind1=" " ind2=" ">
      <subfield code="a">BIB_RECT</subfield>
      <subfield code="b">BIB_UARG</subfield>
      <subfield code="d">2010-04-22</subfield>
      <subfield code="y">BK</subfield>
      <subfield code="p">05-11979</subfield>
      <subfield code="i">05-11979</subfield>
      <subfield code="g">59</subfield>
      <subfield code="o">930.85 H673h</subfield>
      <subfield code="e">Fomec 578</subfield>
      <subfield code="8">CG</subfield>
    </datafield>
    <datafield tag="952" ind1=" " ind2=" ">
      <subfield code="a">BIB_RECT</subfield>
      <subfield code="b">BIB_UARG</subfield>
      <subfield code="d">2010-04-22</subfield>
      <subfield code="y">BK</subfield>
      <subfield code="p">05-11980</subfield>
      <subfield code="i">05-11980</subfield>
      <subfield code="g">59</subfield>
      <subfield code="o">930.85 H673h</subfield>
      <subfield code="e">Fomec 578</subfield>
      <subfield code="8">CG</subfield>
    </datafield>
    <datafield tag="952" ind1=" " ind2=" ">
      <subfield code="a">BIB_RECT</subfield>
      <subfield code="b">BIB_UARG</subfield>
      <subfield code="d">2010-04-22</subfield>
      <subfield code="y">BK</subfield>
      <subfield code="p">05-11981</subfield>
      <subfield code="i">05-11981</subfield>
      <subfield code="g">59</subfield>
      <subfield code="o">930.85 H673h</subfield>
      <subfield code="e">Fomec 578</subfield>
      <subfield code="8">CG</subfield>
    </datafield>
    <datafield tag="952" ind1=" " ind2=" ">
      <subfield code="a">BIB_RECT</subfield>
      <subfield code="b">BIB_UARG</subfield>
      <subfield code="d">2010-04-22</subfield>
      <subfield code="y">BK</subfield>
      <subfield code="p">05-11982</subfield>
      <subfield code="i">05-11982</subfield>
      <subfield code="g">59</subfield>
      <subfield code="o">930.85 H673h</subfield>
      <subfield code="e">Fomec 578</subfield>
      <subfield code="8">CG</subfield>
    </datafield>
    <datafield tag="952" ind1=" " ind2=" ">
      <subfield code="a">BIB_RECT</subfield>
      <subfield code="b">BIB_UARG</subfield>
      <subfield code="d">2010-04-22</subfield>
      <subfield code="y">BK</subfield>
      <subfield code="p">05-12211</subfield>
      <subfield code="i">05-12211</subfield>
      <subfield code="g">59</subfield>
      <subfield code="o">930.85 H673h</subfield>
      <subfield code="e">Fomec 585</subfield>
      <subfield code="8">CG</subfield>
    </datafield>
    <datafield tag="952" ind1=" " ind2=" ">
      <subfield code="a">BIB_RECT</subfield>
      <subfield code="b">BIB_UARG</subfield>
      <subfield code="d">2010-04-22</subfield>
      <subfield code="y">BK</subfield>
      <subfield code="p">05-12212</subfield>
      <subfield code="i">05-12212</subfield>
      <subfield code="g">59</subfield>
      <subfield code="o">930.85 H673h</subfield>
      <subfield code="e">Fomec 585</subfield>
      <subfield code="8">CG</subfield>
    </datafield>
    <datafield tag="952" ind1=" " ind2=" ">
      <subfield code="a">BIB_RECT</subfield>
      <subfield code="b">BIB_UARG</subfield>
      <subfield code="d">2010-04-22</subfield>
      <subfield code="y">BK</subfield>
      <subfield code="p">05-12213</subfield>
      <subfield code="i">05-12213</subfield>
      <subfield code="g">59</subfield>
      <subfield code="o">930.85 H673h</subfield>
      <subfield code="e">Fomec 585</subfield>
      <subfield code="8">CG</subfield>
    </datafield>
    <datafield tag="952" ind1=" " ind2=" ">
      <subfield code="a">BIB_RECT</subfield>
      <subfield code="b">BIB_UARG</subfield>
      <subfield code="d">2010-04-22</subfield>
      <subfield code="y">BK</subfield>
      <subfield code="p">05-12214</subfield>
      <subfield code="i">05-12214</subfield>
      <subfield code="g">59</subfield>
      <subfield code="o">930.85 H673h</subfield>
      <subfield code="e">Fomec 585</subfield>
      <subfield code="8">CG</subfield>
    </datafield>
    <datafield tag="952" ind1=" " ind2=" ">
      <subfield code="a">BIB_RECT</subfield>
      <subfield code="b">BIB_UARG</subfield>
      <subfield code="d">2010-04-22</subfield>
      <subfield code="y">BK</subfield>
      <subfield code="p">05-12218</subfield>
      <subfield code="i">05-12218</subfield>
      <subfield code="g">59</subfield>
      <subfield code="o">930.85 H673h</subfield>
      <subfield code="e">Fomec 585</subfield>
      <subfield code="8">CG</subfield>
    </datafield>
    <datafield tag="952" ind1=" " ind2=" ">
      <subfield code="a">BIB_RECT</subfield>
      <subfield code="b">BIB_UARG</subfield>
      <subfield code="d">2010-04-22</subfield>
      <subfield code="y">BK</subfield>
      <subfield code="p">05-12219</subfield>
      <subfield code="i">05-12219</subfield>
      <subfield code="g">59</subfield>
      <subfield code="o">930.85 H673h</subfield>
      <subfield code="e">Fomec 585</subfield>
      <subfield code="8">CG</subfield>
    </datafield>
    <datafield tag="952" ind1=" " ind2=" ">
      <subfield code="a">BIB_RECT</subfield>
      <subfield code="b">BIB_UARG</subfield>
      <subfield code="d">2010-04-22</subfield>
      <subfield code="y">BK</subfield>
      <subfield code="p">05-12220</subfield>
      <subfield code="i">05-12220</subfield>
      <subfield code="g">59</subfield>
      <subfield code="o">930.85 H673h</subfield>
      <subfield code="e">Fomec 585</subfield>
      <subfield code="8">CG</subfield>
    </datafield>
    <datafield tag="952" ind1=" " ind2=" ">
      <subfield code="a">BIB_RECT</subfield>
      <subfield code="b">BIB_UARG</subfield>
      <subfield code="d">2010-04-22</subfield>
      <subfield code="y">BK</subfield>
      <subfield code="p">05-12221</subfield>
      <subfield code="i">05-12221</subfield>
      <subfield code="g">59</subfield>
      <subfield code="o">930.85 H673h</subfield>
      <subfield code="e">Fomec 585</subfield>
      <subfield code="8">CG</subfield>
    </datafield>
    <datafield tag="952" ind1=" " ind2=" ">
      <subfield code="a">BIB_RECT</subfield>
      <subfield code="b">BIB_UARG</subfield>
      <subfield code="d">2010-04-22</subfield>
      <subfield code="y">BK</subfield>
      <subfield code="p">05-12222</subfield>
      <subfield code="i">05-12222</subfield>
      <subfield code="g">59</subfield>
      <subfield code="o">930.85 H673h</subfield>
      <subfield code="e">Fomec 585</subfield>
      <subfield code="8">CG</subfield>
    </datafield>
  </record>