
  <record>
    <leader>01000aam  22002601a 4500</leader>
    <controlfield tag="001">YPZ92723</controlfield>
    <controlfield tag="003">YPZ</controlfield>
    <controlfield tag="005">201004231647090</controlfield>
    <controlfield tag="008">100423|###########||||||b||||||||||spa|d</controlfield>
    <datafield tag="020" ind1=" " ind2=" ">
      <subfield code="a">9879962613</subfield>
    </datafield>
    <datafield tag="040" ind1=" " ind2=" ">
      <subfield code="c">SIUNPA</subfield>
    </datafield>
    <datafield tag="041" ind1=" " ind2=" ">
      <subfield code="a">spa</subfield>
    </datafield>
    <datafield tag="044" ind1=" " ind2=" ">
      <subfield code="a">AR</subfield>
    </datafield>
    <datafield tag="080" ind1=" " ind2=" ">
      <subfield code="a">655.2 S233p</subfield>
    </datafield>
    <datafield tag="100" ind1=" " ind2=" ">
      <subfield code="a">Santarsiero, Hugo M..</subfield>
    </datafield>
    <datafield tag="245" ind1=" " ind2=" ">
      <subfield code="a">La producción gráfica</subfield>
      <subfield code="b"> : una nueva dimensión</subfield>
    </datafield>
    <datafield tag="260" ind1=" " ind2=" ">
      <subfield code="a">Buenos Aires</subfield>
      <subfield code="b"> : Comunicación Gráfica</subfield>
      <subfield code="c"> , 1997</subfield>
    </datafield>
    <datafield tag="300" ind1=" " ind2=" ">
      <subfield code="a">109 p. : </subfield>
      <subfield code="a">573 p. : </subfield>
      <subfield code="b">il. ; </subfield>
      <subfield code="a">xx, 364 p. : </subfield>
      <subfield code="a">188 p. : </subfield>
      <subfield code="a">265 p. : </subfield>
      <subfield code="b">il. ; </subfield>
      <subfield code="a">352 p. : </subfield>
      <subfield code="b">il. ; </subfield>
      <subfield code="a">414 p. : </subfield>
      <subfield code="b">il. ; </subfield>
      <subfield code="a">127 p. : </subfield>
      <subfield code="b">il. ; </subfield>
      <subfield code="a">142 p. : </subfield>
      <subfield code="b">il. ; </subfield>
      <subfield code="a">24 h. : </subfield>
      <subfield code="b">il. ; </subfield>
      <subfield code="a">139 h. : </subfield>
      <subfield code="b">il. ; </subfield>
      <subfield code="a">138 p. : </subfield>
      <subfield code="a">1988 : </subfield>
      <subfield code="b">vii, 305 p. ; </subfield>
      <subfield code="c">il. + </subfield>
      <subfield code="a">171 p. : </subfield>
      <subfield code="a">[54] p. : </subfield>
      <subfield code="b">il. ; </subfield>
      <subfield code="a">civ, [233] p. : </subfield>
      <subfield code="a">629 p. : </subfield>
      <subfield code="b">il. ; </subfield>
      <subfield code="a">[731] p. : </subfield>
      <subfield code="b">il. ; </subfield>
      <subfield code="a">xiv, [750] en varias paginaciones : </subfield>
      <subfield code="b">il. ; </subfield>
      <subfield code="a">2 v. : </subfield>
      <subfield code="a">170 p. : </subfield>
      <subfield code="b">il. ; </subfield>
      <subfield code="a">118 p. : </subfield>
      <subfield code="b">il. ; </subfield>
      <subfield code="a">316 p. : </subfield>
      <subfield code="a">181 p. : </subfield>
      <subfield code="a">250 p. : </subfield>
      <subfield code="a">xxviii, 513 p. : </subfield>
      <subfield code="b">il. ; </subfield>
      <subfield code="a">xvi, 248 p. : </subfield>
      <subfield code="b">il. ; </subfield>
      <subfield code="a">346 p. : </subfield>
      <subfield code="b">il. ; </subfield>
      <subfield code="a">571 p. : </subfield>
      <subfield code="b">il. ; </subfield>
      <subfield code="a">572 p. : </subfield>
      <subfield code="b">il. ; </subfield>
      <subfield code="a">211 p. : </subfield>
      <subfield code="a">103 p. : </subfield>
      <subfield code="a">444 p. : </subfield>
      <subfield code="a">309 p. : </subfield>
      <subfield code="b">il. ; </subfield>
      <subfield code="a">254 p. : </subfield>
      <subfield code="a">251 p. : </subfield>
      <subfield code="a">v. : </subfield>
      <subfield code="b">il. ; </subfield>
      <subfield code="a">xxiii, 310 p. : </subfield>
      <subfield code="b">il. ; </subfield>
      <subfield code="a">xxx, 330 p. : </subfield>
      <subfield code="b">il. ; </subfield>
      <subfield code="a">xiii, 293 p. : </subfield>
      <subfield code="b">il. ; </subfield>
      <subfield code="a">iv, 126 p. : </subfield>
      <subfield code="b">il. ; </subfield>
      <subfield code="a">500 p. : </subfield>
      <subfield code="b">il. ; </subfield>
      <subfield code="a">xii, 276 p. : </subfield>
      <subfield code="a">162 p. : </subfield>
      <subfield code="b">il. ; </subfield>
      <subfield code="a">195 p. : </subfield>
      <subfield code="a">182 p. : </subfield>
      <subfield code="b">il. ; </subfield>
      <subfield code="a">200 p. : </subfield>
      <subfield code="b">il. ; </subfield>
      <subfield code="e">1 cuadernillo (22 p., 19 h.)</subfield>
    </datafield>
    <datafield tag="500" ind1=" " ind2=" ">
      <subfield code="a">Cuadernillo: Información técnica. Impresiones especiales. Catálogos de papeles</subfield>
    </datafield>
    <datafield tag="650" ind1=" " ind2=" ">
      <subfield code="a"> ARTES GRAFICAS</subfield>
    </datafield>
    <datafield tag="650" ind1=" " ind2=" ">
      <subfield code="a"> REPRODUCCION GRAFICA</subfield>
    </datafield>
    <datafield tag="942" ind1=" " ind2=" ">
      <subfield code="c">BK</subfield>
    </datafield>
    <datafield tag="952" ind1=" " ind2=" ">
      <subfield code="a">BIB_RECT</subfield>
      <subfield code="b">BIB_UARG</subfield>
      <subfield code="d">2010-04-23</subfield>
      <subfield code="y">BK</subfield>
      <subfield code="p">05-10684</subfield>
      <subfield code="i">05-10684</subfield>
      <subfield code="g">68</subfield>
      <subfield code="o">655.2 S233p</subfield>
      <subfield code="e">FOMEC 585</subfield>
      <subfield code="8">CG</subfield>
    </datafield>
    <datafield tag="952" ind1=" " ind2=" ">
      <subfield code="a">BIB_RECT</subfield>
      <subfield code="b">BIB_UARG</subfield>
      <subfield code="d">2010-04-23</subfield>
      <subfield code="y">BK</subfield>
      <subfield code="p">05-10685</subfield>
      <subfield code="i">05-10685</subfield>
      <subfield code="g">68</subfield>
      <subfield code="o">655.2 S233p</subfield>
      <subfield code="e">FOMEC 585</subfield>
      <subfield code="8">CG</subfield>
    </datafield>
  </record>