
  <record>
    <leader>01000aam  22002601a 4500</leader>
    <controlfield tag="001">YPZ92740</controlfield>
    <controlfield tag="003">YPZ</controlfield>
    <controlfield tag="005">201004261751350</controlfield>
    <controlfield tag="008">100426|###########||||||b||||||||||spa|d</controlfield>
    <datafield tag="020" ind1=" " ind2=" ">
      <subfield code="a">9185894486</subfield>
    </datafield>
    <datafield tag="020" ind1=" " ind2=" ">
      <subfield code="a">02846675</subfield>
    </datafield>
    <datafield tag="040" ind1=" " ind2=" ">
      <subfield code="c">SIUNPA</subfield>
    </datafield>
    <datafield tag="041" ind1=" " ind2=" ">
      <subfield code="a">spa</subfield>
    </datafield>
    <datafield tag="044" ind1=" " ind2=" ">
      <subfield code="a">SE</subfield>
    </datafield>
    <datafield tag="080" ind1=" " ind2=" ">
      <subfield code="a">321.7 D383d</subfield>
    </datafield>
    <datafield tag="245" ind1=" " ind2=" ">
      <subfield code="a">Democracia y gobernabilidad</subfield>
      <subfield code="b"> : experiencia suecas y desafíos peruanos</subfield>
      <subfield code="c"> / Wilmark, David, ed.</subfield>
    </datafield>
    <datafield tag="260" ind1=" " ind2=" ">
      <subfield code="a">Estocolmo</subfield>
      <subfield code="b"> : Instituto de Estudios Latinoamericanos, Universidad de Estocolmo</subfield>
      <subfield code="c"> , 1996</subfield>
    </datafield>
    <datafield tag="440" ind1=" " ind2=" ">
      <subfield code="a">Colección hombre y sociedad. Serie CLA-DE-MA</subfield>
      <subfield code="a">Ética y discurso</subfield>
      <subfield code="a">Colección de la Escuela Superior de Administración y Dirección de Empresas de Barcelona, ESADE</subfield>
      <subfield code="a">El mundo del hombre. Sociología y política</subfield>
      <subfield code="a">Monografía / Instituto de Estudios Latinoamericanos, Universidad de Estocolmo</subfield>
      <subfield code="v">31</subfield>
    </datafield>
    <datafield tag="490" ind1=" " ind2=" ">
      <subfield code="a">Colección hombre y sociedad. Serie CLA-DE-MA</subfield>
      <subfield code="a">Ética y discurso</subfield>
      <subfield code="a">Colección de la Escuela Superior de Administración y Dirección de Empresas de Barcelona, ESADE</subfield>
      <subfield code="a">El mundo del hombre. Sociología y política</subfield>
      <subfield code="a">Monografía / Instituto de Estudios Latinoamericanos, Universidad de Estocolmo</subfield>
      <subfield code="v">31</subfield>
    </datafield>
    <datafield tag="650" ind1=" " ind2=" ">
      <subfield code="a"> DEMOCRACIA</subfield>
    </datafield>
    <datafield tag="650" ind1=" " ind2=" ">
      <subfield code="a"> TEORIA POLITICA</subfield>
    </datafield>
    <datafield tag="650" ind1=" " ind2=" ">
      <subfield code="a"> SUECIA</subfield>
    </datafield>
    <datafield tag="650" ind1=" " ind2=" ">
      <subfield code="a"> PERU</subfield>
    </datafield>
    <datafield tag="942" ind1=" " ind2=" ">
      <subfield code="c">BK</subfield>
    </datafield>
    <datafield tag="952" ind1=" " ind2=" ">
      <subfield code="a">BIB_RECT</subfield>
      <subfield code="b">BIB_UASJ</subfield>
      <subfield code="d">2010-03-26</subfield>
      <subfield code="y">BK</subfield>
      <subfield code="p">04-39199</subfield>
      <subfield code="i">04-39199</subfield>
      <subfield code="g">40</subfield>
      <subfield code="o">321.7 D383d</subfield>
      <subfield code="e">Donación México</subfield>
      <subfield code="8">CG</subfield>
    </datafield>
  </record>